2052 2668
616 139 686 185 IN
718 140 962 188 GENERE.
1387 152 1473 188 261

183 257 314 312 ducit3
347 255 503 298 secundo
535 254 610 308 ipsa
643 254 826 296 Machina
847 288 858 308 ,
891 254 1040 296 leucius
1058 254 1231 297 stradiura
1250 286 1262 307 ,
1296 260 1478 310 partium-

184 334 256 376 que
275 353 285 372 ,
318 320 446 374 quibus
477 319 615 359 constat
649 320 961 373 coagmentati03
994 331 1037 360 ac
1068 321 1180 359 tertio
1198 331 1289 359 onus
1308 332 1476 361 mouen-

183 385 308 436 dum·⁷
343 394 564 436 quamquam
597 382 698 422 enim
732 384 768 420 in
802 381 961 434 pluribus
992 381 1179 422 Machinis
1208 383 1349 423 nullum
1386 395 1478 423 onus

183 448 342 486 occurrit
363 476 373 493 ‚
407 447 464 485 sed
494 454 592 484 totus
626 443 828 484 Machinae
860 443 1013 484 effeetus
1043 445 1083 484 in
1116 445 1227 498 ipfius
1259 456 1368 486 motu
1385 458 1479 485 con·

183 509 297 559 sistit,
333 518 458 547 tamen
489 506 580 547 haec
615 506 745 547 diuifio
777 508 957 560 tripartita
989 519 1069 547 nou
1103 508 1291 562 impedit,
1310 520 1384 562 quo
1403 508 1480 548 mi-

184 584 251 612 nus
280 571 395 610 etiam
428 568 532 609 huius
563 571 702 622 generis
736 569 940 610 machinae
973 570 1012 608 in
1043 571 1263 610 “adratione
1298 581 1480 624 compre-

182 633 411 674 hendantur:
446 633 584 685 quippe
633 644 725 685 quae
761 633 976 672 exoriuntur
994 662 1005 682 ‚
1052 631 1078 671 fi
1106 644 1198 672 onus
1247 635 1480 675 mouendum

181 697 400 745 omittatur,
434 694 499 734 vel
529 694 743 734 euanescens
773 693 982 732 assumatur.
1049 693 1131 733 Hae
1158 707 1276 746 porro
1313 705 1385 735 tres
1424 708 1480 736 res

179 757 316 810 duplici
350 757 470 797 modo
500 757 634 797 debent
666 757 877 809 perpendi3
911 755 973 794 vel
1010 767 1077 807 per
1109 755 1145 794 se
1166 785 1177 804 ‚
1229 756 1288 796 vel
1338 759 1480 797 ratione

178 829 332 866 motu5‚
363 831 474 870 quem
508 819 665 871 singulae
697 819 910 871 suscipiunt.
976 816 1023 857 In
1059 818 1238 858 Machina
1269 820 1377 858 enim
1407 818 1480 871 ipsa

179 883 256 922 eius
287 881 463 920 struitura
497 883 616 933 probe
646 880 696 919 est
729 880 977 932 distinguenda
1008 891 1029 918 a
1063 890 1202 932 motu,
1243 882 1306 934 qui
1339 882 1375 921 ei
1407 882 1481 921 sm-

180 944 344 996 gulisque
373 944 450 983 eius
482 943 643 995 partibus
677 942 894 993 inducitur3
930 951 1132 995 propterea
1163 945 1261 996 quod
1299 943 1481 985 Machina

179 1017 258 1044 non
290 1004 406 1043 ibium
441 1005 478 1043 vi
512 1005 549 1042 in
569 1015 660 1042 onus
693 1003 961 1041 transferendae
994 1004 1143 1044 inseruit
1162 1037 1172 1054 ,
1197 1006 1253 1045 sed
1280 1007 1392 1045 etiam
1427 1008 1485 1046 ob

177 1074 330 1105 motum
350 1096 360 1114 ,
393 1076 504 1118 quem
535 1065 610 1117 ipsa
646 1064 813 1116 accipit,
848 1064 1006 1114 aliquam
1046 1066 1099 1103 vis
1129 1067 1356 1106 ibllicitantis
1394 1080 1478 1119 pnr-

177 1137 259 1168 tem
292 1128 505 1180 consumit3
540 1127 688 1180 hocque
721 1126 799 1179 ipso
830 1125 1009 1166 effectum
1029 1157 1040 1178 ‚
1073 1128 1135 1180 qui
1154 1128 1238 1168 alias
1256 1129 1477 1182 producere-

177 1199 264 1241 tur,
295 1201 370 1230 non
402 1202 534 1241 parum
566 1191 773 1229 imminuit.

295 1254 327 1301 ξ.
368 1264 435 1290 12.
471 1252 585 1307 Quod
619 1252 729 1304 igitur
761 1252 928 1304 primum
963 1253 1008 1293 ad
1029 1255 1154 1305 vires,
1180 1255 1306 1307 quibus
1327 1253 1479 1295 Machi-

178 1327 248 1354 nae
279 1314 428 1366 impelli
461 1314 605 1362 solent,
637 1315 771 1354 attinet
792 1345 802 1362 ‚
836 1327 962 1354 earum
1002 1316 1161 1368 plurima
1196 1329 1330 1370 genera
1373 1318 1475 1357 adhi-

178 1378 304 1416 bentur
324 1408 334 1427 ,
366 1387 458 1428 quae
491 1377 618 1415 omnia
648 1388 863 1416 enumerare
904 1377 1057 1417 difficile
1097 1380 1221 1430 soiet3
1276 1380 1477 1420 cuiusmodi

175 1439 255 1479 sunt
288 1438 455 1491 pondera
475 1469 485 1488 ,
520 1436 642 1476 clastra
662 1469 673 1488 ‚
705 1440 801 1477 vires
830 1438 1017 1478 humanae
1057 1450 1096 1478 et
1145 1440 1321 1479 annuales
1340 1473 1350 1490 ‚
1402 1442 1474 1481 im-

176 1501 357 1554 pulfiones
387 1512 562 1553 aquarum
581 1531 592 1550 ‚
645 1508 683 1539 et
715 1501 839 1552 venti,
873 1500 965 1552 ignis
984 1533 994 1551 ‚
1026 1501 1149 1540 fumus
1170 1533 1180 1551 ,
1213 1512 1284 1541 etc.
1365 1499 1476 1557 Circa

176 1564 241 1603 has
275 1573 400 1604 autem
432 1564 527 1602 vires
557 1570 643 1602 ante
676 1563 806 1603 omnia
839 1564 1102 1603 attendendum
1136 1564 1216 1611 est,
1250 1574 1380 1604 Vtrum
1419 1567 1477 1605 in-

174 1626 380 1666 desinenter
412 1634 551 1678 agant,
584 1638 630 1665 an
663 1638 730 1678 per
759 1624 986 1667 interualla?
1019 1639 1066 1666 an
1100 1636 1284 1679 perpetuo
1334 1628 1477 1681 aequali

177 1689 217 1726 vi
250 1697 405 1738 vrgeant
423 1718 433 1736 ‚
463 1699 509 1725 an
543 1688 661 1726 modo
693 1689 927 1726 intendantur
947 1719 957 1735 .,
994 1690 1112 1728 modo
1154 1690 1386 1728 remittantur
1405 1689 1420 1729 ἓ
1438 1700 1477 1729 et

176 1750 400 1802 quandoque
431 1759 499 1799 per
529 1747 672 1799 aliquod
706 1750 938 1788 interuallum
990 1752 1134 1801 penitus
1173 1749 1323 1788 cessent.
1410 1752 1475 1792 Ad

178 1824 289 1864 quem
321 1810 441 1850 calum
477 1808 687 1849 referendae
720 1809 795 1849 sunt
841 1811 1086 1862 percuffiones
1108 1842 1119 1861 ‚
1170 1825 1324 1864 quarum
1376 1814 1477 1853 {ustio

174 1885 228 1912 ex
261 1874 389 1925 regulis
421 1871 610 1911 collisionis
643 1873 786 1911 definiri
816 1874 938 1911 debet.
1013 1875 1175 1928 ando
1225 1887 1349 1915 autem
1401 1877 1476 1917 fine

178 1936 449 1986 interruptione
482 1944 679 1985 operantur
698 1967 707 1983 ‚
742 1948 868 1974 earum
906 1948 992 1975 vera
1026 1938 1202 1988 qumtitas
1234 1938 1281 1976 est
1308 1938 1478 1989 spestnn-

176 1999 220 2037 dn
241 2029 251 2046 ,
287 2010 395 2049 quun
428 1992 573 2048 semper
608 2010 676 2049 per
710 1998 850 2048 pondus
898 2000 1104 2050 quodpiam
1157 2011 1350 2051 exponere
1378 2001 1472 2043 licet.

172 2059 326 2105 Scilicet
357 2071 565 2113 quacunque
600 2060 638 2099 vi
672 2059 845 2110 Machina
879 2061 1123 2114 impellatur,
1143 2062 1291 2114 pondus
1317 2063 1476 2116 affigun-

733 2122 768 2162 K
801 2122 826 2161 k
856 2132 879 2169 3
1444 2129 1481 2169 ri
