2052 2668
1123 134 1311 194 )(¹⁶)(

559 251 648 307 (aiu
681 250 879 305 proposito
913 251 950 290 in
979 248 1159 289 diuisione
1190 248 1335 290 numeri
1372 259 1429 298 50
1466 250 1503 288 in
1535 245 1676 302 septem
1717 258 1867 304 partes,

557 315 644 371 post
674 313 959 355 taediosissimos
987 313 1147 352 calculos
1175 311 1384 353 enormiter
1421 323 1443 352 a
1474 313 1632 353 veritate
1659 313 1841 354 aberrauit
1858 342 1870 363 ‚

559 389 681 433 neque
711 379 828 419 etiam
861 377 924 417 alii
958 375 1112 428 insignes
1147 374 1412 416 Mathematici
1453 373 1523 414 hac
1552 375 1615 416 via
1664 376 1873 419 incedentes

560 442 611 482 ab
644 452 774 481 errore
805 440 839 481 i'e
870 439 1061 480 vindicam
1095 438 1317 479 valuerunt:
1347 439 1411 492 qui
1443 449 1568 478 autem
1603 437 1690 479 actu
1737 436 1873 480 omues

561 505 784 559 partitiones
815 503 1049 543 dinumerare
1079 500 1242 542 voluerit
1261 532 1273 552 ,
1304 512 1384 540 uon
1414 501 1533 542 solum
1567 501 1605 540 in
1641 501 1871 543 immensum

559 568 725 609 laborem
757 565 792 606 se
826 563 1057 618 immergit,
1090 563 1147 605 sed
1179 563 1287 604 omni
1317 564 1436 604 etiam
1467 563 1670 605 attentione
1703 563 1871 606 adhibita

565 633 636 671 vix
690 629 836 671 cauebit
857 661 868 680 ,
918 639 966 668 ne
1017 626 1174 680 turpiter
1219 625 1438 680 decipiatur.
1520 624 1624 668 Cum
1655 627 1766 681 igitur
1796 627 1872 667 hoc

559 692 760 749 problema
797 702 875 732 tam
911 690 1051 743 insigne
1093 689 1284 745 specimen
1315 691 1509 732 contineat
1529 723 1540 742 ,
1584 702 1702 744 quam
1737 703 1871 745 parum

563 755 773 798 inductioni
805 755 868 795 vel
898 754 1070 795 maxime
1100 753 1346 794 confirmatae
1378 753 1422 795 sit
1455 753 1648 796 fidendum
1671 786 1682 805 ‚
1712 766 1762 794 eo
1789 753 1872 808 plu-

564 821 614 861 ris
640 820 697 860 est
729 819 1004 860 aestimandum
1037 817 1215 860 Auctoris
1247 816 1404 861 studium
1426 850 1437 869 ,
1472 830 1551 872 quo
1581 827 1681 860 certa
1718 816 1873 868 metho-

562 885 618 924 do
648 882 871 923 solutionem
909 881 1005 924 istius
1038 880 1284 933 problematis
1312 880 1543 934 inuestigauit
1561 912 1573 932 ,
1603 892 1693 920 cum
1713 879 1782 921 vix
1802 876 1875 923 vll}

561 947 636 988 alia
668 947 730 986 via
763 955 908 999 practer
940 943 1198 986 inductionem
1230 942 1276 983 ad
1308 955 1394 983 eam
1430 954 1558 996 patere
1596 942 1781 984 videatur.

683 1007 795 1050 Nihil
830 1008 942 1062 igitur
972 1006 1176 1048 indut‘lioni
1209 1005 1367 1048 tribuens
1398 1007 1566 1048 Auctor·
1586 1017 1639 1047 ex
1669 1003 1875 1046 certissimis

566 1073 773 1124 Analyseos
803 1070 999 1125 principiis
1028 1070 1213 1111 eiusmodi
1247 1069 1424 1110 formulas
1464 1069 1613 1121 hausit,
1660 1079 1753 1123 quae
1806 1079 1877 1123 pro

565 1148 788 1190 quocunque
818 1146 979 1177 numero
1012 1132 1213 1188 proposito
1243 1132 1367 1174 statim
1399 1133 1616 1185 ostendunt,
1654 1141 1748 1187 quot
1766 1133 1876 1174 variis

564 1201 690 1242 modis
708 1200 736 1239 is
754 1201 790 1240 in
811 1207 896 1249 tot,
916 1207 1009 1252 quot
1039 1197 1201 1239 lubuer-it
1218 1230 1229 1249 ,
1250 1206 1374 1250 partes
1403 1196 1521 1237 diuidi
1554 1194 1695 1250 ponit,
1726 1195 1803 1247 ita,
1834 1203 1878 1236 vt

564 1265 684 1303 etiam
716 1262 816 1304 circa
852 1261 1046 1302 maximos
1079 1271 1253 1300 muneros
1285 1259 1428 1298 nullum
1487 1259 1644 1300 dubium
1701 1256 1880 1311 firpereffi

565 1335 697 1379 queat.
765 1323 966 1366 Problema
1002 1331 1130 1364 autem
1161 1321 1224 1364 hic
1255 1322 1449 1372 geminum
1501 1320 1633 1360 traCtat
1650 1350 1662 1370 ‚
1713 1331 1877 1372 quorum

568 1389 687 1428 altero
716 1388 904 1440 quaeritur
923 1417 935 1436 ,
968 1393 1061 1438 quot
1093 1383 1219 1423 modis
1249 1382 1354 1426 datus
1382 1393 1559 1426 numerus
1597 1382 1635 1422 in
1669 1391 1741 1428 tot.
1753 1392 1879 1436 partes

576 1449 787 1504 inaequales
820 1457 966 1489 tantum
986 1479 997 1498 ,
1027 1456 1121 1500 quot
1147 1446 1413 1499 requiruntur,
1461 1445 1631 1491 dissecari
1664 1443 1809 1500 possitz,
1841 1446 1880 1488 in

568 1515 691 1555 altero
745 1524 840 1553 vero
892 1511 1056 1564 partium
1098 1509 1296 1563 aequalitas
1327 1520 1404 1551 non
1436 1509 1662 1550 excluditur.
1729 1508 1788 1549 lta
1838 1510 1879 1550 in

572 1576 759 1630 exemplo
793 1575 904 1616 initio
939 1582 1156 1614 memorato
1206 1570 1350 1612 inuenit
1384 1584 1580 1615 munerum
1620 1583 1673 1620 50
1712 1572 1881 1613 omnino

574 1652 660 1690 522
698 1639 822 1680 modis
856 1639 892 1677 in
924 1636 1067 1690 septem
1110 1646 1232 1690 partes
1278 1636 1376 1677 inter
1408 1634 1444 1675 se
1475 1636 1682 1689 inaequales
1713 1635 1878 1676 distribui

571 1701 676 1758 posse
694 1735 705 1754 ,
738 1701 957 1755 aequalitate
989 1710 1117 1743 autem
1149 1699 1311 1753 partium
1355 1711 1435 1740 non
1486 1697 1630 1740 exclusa
1678 1710 1880 1740 numerum

573 1767 819 1821 partitionum
839 1765 1014 1804 omniurn
1035 1763 1104 1804 effi:
1143 1766 1262 1813 8946
1282 1791 1293 1810 ,
1326 1763 1387 1817 qui
1420 1774 1514 1816 ergo
1550 1773 1728 1806 numerus
1766 1772 1879 1815 quae-

573 1830 683 1871 stioni
719 1830 890 1881 primum
928 1825 1140 1880 propositae
1173 1825 1354 1867 satisfioeit.

691 1891 855 1932 Pluribus
885 1889 966 1932 aliis
999 1889 1125 1929 modis
1160 1889 1359 1942 problema
1401 1888 1537 1930 variari
1588 1887 1741 1941 potest,
1788 1885 1882 1927 dum

576 1957 716 1998 scilicet
751 1953 911 2008 singulae
943 1963 1066 2007 partes
1095 1953 1204 1994 datae
1238 1952 1372 1993 indolis
1411 1953 1482 1991 csse
1514 1950 1716 2002 iubemur,
1768 1949 1885 1991 veluti

579 2018 728 2063 numeri
764 2019 926 2071 impares
944 2047 956 2067 ,
990 2017 1050 2056 vel
1084 2015 1282 2069 quadrati,
1330 2014 1394 2054 vel
1431 2013 1590 2054 ttrmini
1623 2011 1887 2067 progrcffionis

577 2080 847 2126 Geometricae
877 2078 1019 2134 duplae
1048 2088 1125 2120 etc.
1160 2079 1324 2134 partium
1360 2089 1523 2119 numero
1554 2076 1616 2117 vel
1636 2076 1886 2133 praescripto,

1244 2145 1262 2162 ·
1815 2138 1883 2180 vel
