2052 2668
563 219 584 257 3
594 212 651 261 98
980 200 1439 248 OBSERVATIONES

675 319 721 362 In
755 319 966 361 cauitatium
1008 317 1243 372 superiorum
1293 317 1463 369 cerebri,
1505 327 1597 370 quae
1649 315 1869 369 portionem

562 384 749 437 lymphae
782 383 966 424 hadebant
984 411 995 431 ‚
1030 381 1146 434 plexu
1177 380 1390 430 choroide,
1439 381 1594 422 materia
1641 378 1840 432 gelatinoffi
1860 410 1872 430 ,

562 447 681 505 priori
714 447 854 487 ssmilis.
1201 471 1205 474 -

679 508 725 550 In
760 508 931 563 glandula
965 507 1106 562 pincali
1141 506 1300 549 calculus
1328 509 1494 562 exiguus.

1043 599 1110 660 In
1153 597 1385 660 Pec‘iore.

680 720 818 762 Pulmo
851 719 988 761 sinister
1019 718 1167 759 inferius
1200 717 1360 758 firmiter
1391 716 1557 758 adcrctus
1588 726 1664 758 emt
1684 731 1693 757 ι
1715 724 1752 757 et
1771 715 1878 770 ipfim

565 786 787 826 extremitas
819 784 902 823 alba
925 812 934 826 .
967 782 1129 834 duraque
1149 813 1160 832 ,
1202 781 1313 821 instar
1345 781 1584 833 cartilaginis.

682 846 726 887 ln
762 845 923 887 auricula
957 844 1147 884 anteriore
1177 843 1329 888 cordis,
1364 841 1432 879 vbi
1465 853 1561 880 vena
1592 854 1683 882 caua
1723 841 1878 882 inferior

565 911 600 951 se
633 911 668 950 ci
701 908 846 956 inserit,
879 918 990 946 verus
1023 904 1090 944 fuit
1123 904 1286 957 polypus
1301 927 1317 954 ‚-
1343 901 1440 942 haud
1472 912 1602 943 tamen
1641 903 1753 944 valde
1794 916 1879 945 arn-

566 973 675 1027 plus:
718 971 879 1024 aliusque
912 968 1096 1021 oblongus
1114 997 1127 1017 ‚
1161 968 1199 1007 in
1230 966 1360 1006 arteria
1394 965 1618 1018 pulmonali.

681 1033 805 1074 Aorta
825 1065 836 1084 ,
871 1031 1051 1085 quamdiu
1085 1030 1123 1070 in
1157 1029 1311 1083 pectore
1346 1028 1516 1081 procedit
1535 1060 1546 1080 ‚
1580 1029 1750 1070 indurata
1768 1038 1880 1085 erat;

558 1098 677 1150 «inque
710 1098 855 1136 interna
873 1094 951 1134 eius
967 1093 1163 1147 superficie
1184 1123 1196 1144 ‚
1217 1103 1333 1144 vsque
1350 1091 1395 1131 ad
1417 1101 1655 1132 curuatumm
1675 1104 1881 1146 magnam,

563 1161 656 1201 hinc
692 1160 774 1200 inde
802 1157 1063 1212 speetabantur
1113 1154 1411 1203 excrescentiae,
1459 1154 1533 1194 fiue
1565 1155 1645 1195 villi
1694 1155 1882 1208 oblongi,

566 1224 614 1263 dc
645 1232 771 1263 natura
793 1253 804 1272 ‚
835 1229 879 1260 vt
908 1219 1136 1272 adparebat,
1167 1217 1364 1270 gelatinae.
1431 1217 1576 1257 Tunica
1607 1218 1754 1258 interna
1789 1216 1883 1258 infin

567 1285 674 1326 illum
705 1296 834 1325 arcum
871 1291 952 1322 erat
1000 1282 1221 1333 incrassata3
1251 1289 1291 1321 et
1311 1313 1322 1331 ,
1358 1280 1601 1334 posteaquam
1651 1281 1700 1321 ab
1732 1282 1881 1323 incum-

568 1349 682 1391 bente
714 1346 917 1387 musculosa
950 1344 1110 1399 separata
1141 1343 1264 1394 effet,
1299 1343 1335 1382 in
1369 1345 1502 1384 oculos
1547 1344 1780 1386 incurrebant
1821 1353 1883 1384 tu-

569 1424 697 1452 mores
729 1412 891 1463 exigui,
922 1408 1010 1448 flaui
1030 1441 1041 1460 ,
1072 1421 1166 1462 quos
1197 1408 1416 1448 steatomata
1448 1409 1606 1459 putaui,
1637 1408 1782 1449 orificio
1822 1419 1881 1447 ar—

567 1476 746 1515 teriarum
782 1471 1075 1513 intercostalium
1113 1471 1323 1511 ambientes
1342 1500 1353 1520 ‚
1403 1479 1443 1509 et
1492 1470 1709 1510 inconfiieto
1760 1470 1883 1510 modo

566 1537 813 1578 contestantes,
878 1535 984 1575 Haec
1015 1535 1070 1574 cst
1100 1534 1210 1573 valde
1241 1545 1317 1572 mra
1354 1532 1561 1572 obseruatio
1578 1562 1589 1582 ,
1638 1544 1708 1574 nec
1762 1531 1878 1573 infoe.

570 1601 691 1641 cunda
721 1610 902 1640 nouarum
934 1596 1238 1649 propositionum
1274 1594 1536 1636 Praecicarum.

1023 1687 1090 1745 In
1133 1680 1432 1744 Abdomine.

688 1809 782 1851 Duo
816 1808 896 1847 loca
930 1806 967 1846 in
998 1804 1207 1846 ventriculo
1240 1804 1455 1845 rubuerunt.

688 1874 782 1914 Lien
814 1881 894 1910 erat
940 1882 1028 1910 cnm
1079 1869 1361 1922 diaphragmatc
1411 1878 1629 1921 concretus,
1657 1877 1698 1908 et
1731 1869 1768 1910 in
1802 1883 1883 1925 eo,

575 1949 620 1979 vt
653 1939 698 1978 de
731 1935 871 1976 sinistro
905 1933 1089 1986 pulmone
1109 1942 1283 1974 notatum
1306 1964 1317 1984 ,
1355 1929 1618 1974 obseruabatur
1640 1932 1752 1988 plaga
1769 1935 1881 1988 alba,

574 2003 663 2044 dura
683 2032 695 2052 ‚
729 1997 973 2053 cartilaginea.

1806 2218 1883 2261 111.
