2052 2668
152 162 242 217 ET2
279 165 538 215 RATIONE
568 171 922 216 -DENSITATIS
947 193 950 197 ⁴
972 176 1298 220 RADIORVM.
1344 186 1428 231 3⁶1

151 278 187 319 fi
209 276 284 318 hoc
315 291 392 319 non
423 279 592 334 sufficit,
615 281 785 323 firmetur
817 297 886 337 per
916 298 1052 328 cuneos
1092 300 1159 341 per
1196 300 1284 328 axes
1321 291 1417 329 cvlin

150 342 270 385 dricos
302 345 567 386 diametralitet
598 345 808 396 perforatos
840 348 1074 391 transeuntes.
1101 387 1104 390 ,

166 443 169 448 ff
210 413 254 451 7
261 412 273 455 )
306 406 450 447 Fulcra
458 406 497 447 L
517 406 563 448 M
595 417 633 447 et
665 407 706 448 N
725 410 763 450 O
788 411 1047 452 contineantur
1080 413 1186 464 tigno
1205 412 1250 454 M
1272 413 1344 464 N,
1375 416 1434 455 cui

147 467 186 506 in
221 470 349 509 medio
378 470 522 511 inustus
551 469 596 509 fit
633 471 823 522 cylindrus
861 473 1005 526 ligneus
1039 475 1136 530 ΡΩ
1221 477 1435 530 Recipiatur

147 531 330 580 cylindrus
359 532 500 585 ligneus
532 533 624 588 ΡΩ
647 533 828 574 foramine
859 535 1069 586 cylindrico
1085 538 1245 597 cylindri
1271 540 1433 592 amplio-

146 591 194 631 ris
224 593 261 635 R
281 592 334 646 S,
363 595 422 648 qui
454 595 498 635 ad
541 595 707 636 mensum
749 598 936 637 robustam
981 598 1018 637 T
1039 600 1072 638 V
1093 599 1152 639 W
1171 592 1215 640 X
1266 600 1444 644 firmatus

144 653 235 698 fit.
246 656 372 699 Tali
415 658 559 697 ratione
609 659 796 703 fulcrum
813 671 900 699 cum
936 658 1119 700 Machina
1159 664 1269 703 verti
1292 661 1434 716 poterit

141 717 237 757 circa
262 719 358 759 ¹axin
379 719 426 763 ,P
444 719 512 774 Q,
544 729 583 759 et
613 721 707 760 circa
725 720 837 760 vaxin·
862 719 897 759 L
916 720 954 760 Ο
987 722 1154 775 deprimi
1188 732 1229 764 et
1268 726 1402 768 eleuari
1422 759 1433 778 ,

141 779 192 818 ita
225 789 268 820 vt
299 781 417 823 lentes
447 783 485 831 in
520 783 692 835 quolibet·
718 783 787 823 fitu
818 781 900 823 solis
917 814 928 834 ,
996 782 1066 831 soli
1097 787 1247 838 opponi
1277 788 1427 840 poffint.

205 846 265 900 8)
295 846 435 886 Lentes
465 844 531 883 soli
562 845 612 883 ita
642 845 877 884 obuertantur
894 877 905 895 ,
953 854 997 885 vt
1029 848 1120 888 radii
1152 848 1283 888 inlares
1316 851 1430 890 circu-

140 913 198 954 los
227 908 432 950 luminosos
463 906 629 946 forment
659 918 680 945 e
688 905 723 961 f
730 904 747 944 l
756 918 818 956 m
861 906 1015 948 circulos
1046 910 1098 953 ibi
1129 909 1339 952 delineatos
1372 921 1428 952 te

134 983 281 1028 gentes.

197 1031 258 1084 9)
289 1029 558 1082 Deprimantur
588 1029 653 1068 vel
693 1029 883 1069 eleuentur
919 1030 1214 1075 Thermometra
1235 1068 1245 1087 ‚
1287 1037 1340 1076 ita
1382 1045 1426 1080 vt

132 1095 288 1136 vmbnie
330 1092 528 1133 bulborum
568 1092 669 1131 circa
709 1099 836 1130 centra
876 1092 1101 1135 circulorum
1151 1096 1430 1148 luminosorum

132 1159 173 1199 in
206 1168 232 1210 q
261 1163 299 1194 et
331 1167 355 1195 r
387 1162 601 1207 appareant.

200 1215 289 1271 10)
341 1216 405 1257 Ad
443 1215 714 1255 obseruationes
749 1227 840 1256 cum
880 1216 950 1257 hac
993 1218 1173 1263 Machina
1213 1224 1424 1265 commode

129 1279 365 1323 instituendas
396 1287 469 1317 tres
499 1279 730 1329 requiruntur
759 1278 1007 1321 obseruatores
1025 1313 1037 1333 ,
1070 1295 1165 1323 vnus
1199 1294 1305 1326 notat
1334 1299 1423 1339 gra-

127 1345 194 1384 dus
224 1341 515 1382 Thermometri
547 1339 609 1380 W
627 1340 663 1380 V
681 1372 692 1391 ,
727 1340 818 1381 alter
848 1342 958 1383 fimul
990 1343 1278 1388 Thermometri
1306 1350 1360 1390 -X
1380 1349 1421 1391 Y

128 1407 232 1459 siguo
257 1413 433 1455 accepto,
468 1412 506 1441 et
544 1403 666 1442 tertius
697 1401 866 1443 obseruat
896 1406 1028 1457 gradus
1057 1407 1347 1450 Thermometri
1378 1413 1418 1453 in

128 1469 215 1509 loco
262 1465 454 1506 vmbroso
542 1464 666 1503 Potest
707 1466 823 1505 etiam
866 1475 1010 1518 quartus
1047 1469 1240 1511 obseruare
1282 1475 1416 1525 gradus

125 1527 410 1570 Thermometri
442 1526 549 1567 radiis
578 1524 659 1566 solis
690 1527 835 1568 diree’tis
866 1530 1039 1582 expofiti.
1116 1532 1257 1573 Adhuc
1289 1535 1417 1589 aliquis

123 1593 235 1634 debet
266 1592 376 1631 vnice
407 1588 574 1629 sollicitus
604 1587 676 1631 esse
708 1590 753 1629 de
787 1589 959 1632 Machina
989 1593 1188 1635 stcundum
1223 1596 1306 1636 solis
1332 1610 1417 1638 mo

124 1665 208 1695 tum
239 1655 289 1693 ita
334 1652 556 1703 dirigenda,
590 1660 633 1690 vt
666 1653 822 1692 vmbrae
856 1653 1053 1696 bulborum
1086 1658 1130 1696 in
1166 1659 1303 1699 centris
1344 1660 1417 1699 cir-

122 1717 292 1756 culorum
325 1712 595 1752 luminosorum
630 1712 668 1750 in
699 1723 722 1750 r
755 1723 799 1752 et
827 1725 852 1766 q
885 1727 1098 1768 appareant.

239 1777 273 1823 ς
312 1785 383 1825 33
417 1773 556 1827 Quodss
586 1772 696 1813 lentes
728 1776 896 1828 aequales
927 1787 964 1816 et
995 1778 1131 1820 smiles
1160 1794 1238 1822 non
1264 1783 1412 1825 obtine-

121 1842 154 1881 ri
189 1836 370 1891 poffunt,
402 1836 484 1889 post
515 1847 631 1874 vnam
665 1836 802 1877 lentem
833 1850 1037 1894 Vtrumque
1065 1843 1409 1889 Thermometrum

122 1913 196 1943 tam
233 1900 291 1939 W
311 1901 344 1940 V
377 1912 488 1953 quam
521 1899 564 1938 X
583 1898 624 1938 Y
658 1899 695 1937 in
729 1900 874 1940 diuersis
904 1915 925 1942 a
957 1902 1047 1944 foco
1064 1905 1242 1947 distantiis
1261 1922 1405 1962 ponen-

120 1967 210 2005 dum
232 1962 283 2002 est
301 1964 379 2012 ,ita
399 1993 411 2012 ,
444 1973 488 2003 vt
520 1962 685 2001 vmbrae
706 1962 902 2003 bulborum
937 1967 974 2005 in
1007 1970 1217 2021 aequalibus
1244 1985 1264 2011 a
1289 1973 1404 2013 circu-

133 2025 346 2066 iluminosi
377 2026 413 2064 in
465 2025 617 2077 planum
657 2024 797 2079 mlfe
848 2028 1005 2079 proiedti
1054 2042 1182 2072 centro
1232 2035 1407 2078 distantiis

117 2097 331 2142 appareant.
398 2087 450 2127 Et
481 2098 620 2127 caetera
650 2087 741 2126 fiant
760 2121 770 2140 ,
802 2099 844 2129 vt
877 2085 914 2133 ξ.
952 2104 1021 2141 32.
1054 2097 1283 2138 monuimus.

178 2150 298 2191 Tom.
320 2147 392 2190 111.
414 2150 521 2192 Nov.
541 2148 760 2192 Comment.
906 2201 909 2203 v
956 2151 996 2197 Z
1011 2186 1013 2189 -
1027 2167 1050 2195 z
1266 2161 1300 2210 §-
1325 2175 1397 2214 34,
