2052 2668
553 185 956 236 coNnNVArio.
1370 208 1460 251 437

164 300 190 344 fi
222 299 416 356 parallaxis
445 296 541 344 Solis
569 303 668 343 ratio
701 303 880 344 habeatur
901 337 912 356 ,

162 367 264 406 cuius
295 365 626 406 considerationem
660 367 698 405 in
733 368 945 407 recensione

159 427 464 469 obseruationum
495 438 557 468 an.
596 438 729 479 1747.
763 430 981 482 omifi,ha-

159 497 305 537 bebitur
335 497 457 536 media
523 514 542 525 -
611 518 630 527 -
689 516 713 526 -
782 519 799 527 -
872 520 890 529 -
957 519 974 529 -
1052 494 1138 547 15⁰.
1175 501 1233 548 9‘.
1270 500 1375 540 1o‘s.

157 558 260 600 Hinc
292 571 381 599 cum
413 559 513 598 inter
544 559 693 602 aestiuas
726 560 847 602 media
878 560 924 601 fit
955 582 973 592 -
1035 567 1063 599 6
1072 575 1092 598 ιι
1184 571 1220 607 ς.
1278 576 1347 610 42·

155 629 224 669 erit
254 630 420 670 distantia
450 629 709 682 Tropicorum
774 652 793 662 ·
863 650 883 660 -
951 653 972 663 -
1036 638 1111 679 46.
1181 637 1251 678 56.
1292 645 1363 679 32-
1399 664 1405 674 ,

248 691 442 746 obliquitas
474 692 686 744 Eclipticae
773 711 790 720 -
866 712 884 721 -
949 714 968 723 -
1036 702 1109 739 23.
1178 700 1251 735 28.
1293 698 1364 735 16.

150 761 190 795 et
220 754 392 796 Eleuatio
424 755 505 809 poli
537 753 684 808 Lipsrie
765 776 782 783 -
858 774 877 784 -
946 774 965 786 -
1033 765 1106 801 51.
1175 767 1245 795 22.
1283 767 1355 808 34.

260 844 357 902 De
399 844 746 922 apparitione
788 841 1026 899 Veneris
1065 843 1327 903 interdiu.

282 928 337 970 D.
379 941 448 978 13.
485 940 524 968 et
560 942 627 978 14.
660 928 822 969 Ostobr.
855 941 916 968 an.
959 932 1089 978 1748.
1121 929 1224 970 horis
1254 921 1460 975 antemeri-

152 992 265 1035 dianis
297 990 487 1030 Venerem
521 991 681 1030 interdiu
714 992 759 1031 ad
798 990 972 1031 dextram
1011 991 1175 1044 respectu
1214 992 1311 1034 Solis
1348 997 1455 1037 nudis

151 1054 266 1095 oculis
297 1051 569 1105 conspexerunt
602 1052 745 1102 multi,
778 1065 891 1105 quam
924 1053 1106 1093 insolitam
1140 1054 1262 1096 stellae
1301 1060 1452 1110 appati-

151 1118 296 1157 tionem
331 1115 439 1155 ἰηῐὶιτ
470 1116 638 1168 portenti
669 1114 798 1155 hibuit
848 1115 992 1168 vulgus.
1071 1115 1248 1157 Eandem
1299 1131 1450 1172 quoque

150 1180 188 1219 d.
228 1184 296 1219 18.
328 1177 489 1218 octobr.
523 1178 605 1231 post
644 1177 779 1218 horam
815 1189 859 1226 9.
903 1177 1125 1218 matutinam
1164 1179 1284 1232 probe
1327 1181 1449 1223 adhue

149 1242 187 1282 in
220 1241 353 1280 vicinia
382 1242 491 1280 lunae
523 1241 650 1280 videre
682 1240 781 1280 mihi
831 1239 949 1279 licuit.
1022 1240 1301 1294 Apparentiam
1347 1242 1446 1286 hanc

148 1304 367 1355 contingere
406 1304 539 1343 debere
578 1304 706 1343 docuit
754 1300 925 1355 HalleJ'us
974 1303 1013 1343 in
1057 1300 1251 1356 Trmffac‘t.
1295 1305 1444 1359 Anglic.

147 1366 206 1410 N.
242 1376 328 1415 349
347 1397 358 1415 ,
392 1366 417 1406 fi
449 1378 534 1406 area
565 1366 677 1419 partis
707 1364 933 1406 illuminatae
977 1364 1062 1408 disci
1106 1366 1262 1408 Veneris
1292 1380 1313 1407 e
1354 1378 1449 1410 terra

147 1430 394 1480 conspiciatur
424 1431 616 1475 maxima,
648 1441 740 1481 quae
773 1428 944 1468 conditio
975 1440 1098 1481 prope
1130 1430 1446 1472 coniunctionem

146 1491 303 1531 Veneris
332 1502 421 1530 cum
452 1490 541 1531 Sole
571 1491 791 1530 inferiorem
821 1492 949 1532 locum
983 1490 1098 1530 habet
1117 1523 1129 1542 ,
1178 1492 1269 1533 dum
1319 1493 1450 1534 Venus

147 1565 170 1595 a
200 1552 290 1594 Sole
320 1552 383 1592 vel
412 1553 534 1593 versus
564 1552 763 1593 Orientem
795 1552 856 1593 vel
884 1552 1138 1593 Occidentem
1168 1554 1216 1594 ad
1248 1567 1320 1605 40.
1361 1568 1447 1609 gra-

145 1617 210 1657 dus
240 1615 384 1657 circiter
413 1616 583 1668 elongata
613 1616 786 1655 cernitur.
848 1615 936 1655 Hoc
969 1615 1123 1668 quidem
1159 1617 1275 1668 pacto
1293 1650 1304 1669 ‚
1353 1631 1442 1659 cum

145 1679 271 1720 Venus
299 1678 346 1717 ad
377 1680 541 1718 eundem
573 1677 738 1728 respectu
768 1675 867 1716 Solis
895 1685 934 1715 et
964 1685 1080 1716 terrae
1111 1678 1220 1718 fitum
1246 1680 1441 1719 interuallo

151 1746 253 1790 584.
289 1741 434 1779 dierum
467 1739 615 1778 circiter
646 1739 763 1778 redire
793 1737 905 1777 soleat
926 1768 937 1786 ‚
969 1739 1132 1778 eiusdem
1161 1751 1307 1792 quoque
1325 1741 1445 1794 phae-

148 1802 305 1843 nomeni
333 1801 467 1841 reditus
499 1802 545 1840 ad
580 1802 680 1841 idcm
713 1800 947 1840 interuallum
982 1801 1145 1841 accidere
1176 1802 1296 1842 debet.
1339 1803 1442 1844 Inte-

84 1872 87 1875 '
147 1866 220 1906 rim
253 1864 482 1917 experientia
516 1865 660 1903 abunde
693 1864 806 1903 docet
826 1893 838 1913 ‚
870 1863 1085 1902 euidentem
1120 1865 1301 1906 eiusmodi
1321 1879 1440 1920 appa-

145 1928 325 1967 ritionem
358 1926 514 1966 Veneris
547 1937 625 1966 tam
660 1925 890 1978 frequentem
923 1938 1002 1965 non
1037 1923 1112 1965 effe
1131 1958 1142 1977 ,
1175 1937 1219 1967 vt
1249 1929 1314 1968 ista
1350 1942 1441 1969 cum

144 1991 305 2043 periodo
338 1999 550 2029 memorata
580 1988 768 2028 conciliari
803 1986 928 2041 poffit.
993 1987 1080 2028 Nec
1113 1989 1212 2029 coeli
1231 1991 1439 2031 inclemen-

146 2053 196 2092 tia
228 2053 437 2105 adspectum
471 2051 721 2105 phaenomeni
754 2052 868 2091 forsim
902 2051 1112 2103 impediens
1142 2051 1200 2091 hic
1228 2053 1438 2094 exculiitio-

143 2116 184 2156 ni
215 2115 363 2171 semper
393 2114 519 2156 locum
551 2115 669 2166 facit,
704 2114 883 2166 siquidem
917 2114 1064 2155 duratio
1095 2115 1205 2155 vnius
1254 2116 1439 2156 eiusdem-

703 2176 723 2217 1
752 2178 765 2218 i
797 2177 810 2216 i
844 2190 867 2229 3
1367 2191 1439 2232 que
