2052 2668
171 200 352 243 COGIT.
390 197 470 239 DE
504 195 775 240 RAT.CAL.
820 198 895 241 ET
913 195 1148 242 DENSIT.
1192 197 1333 242 RAD.
1372 210 1452 250 34¹

287 313 322 360 ξ.
361 323 400 352 2.
433 311 504 351 Per
534 310 631 350 vitra
662 310 817 350 caustica
848 312 1036 352 radiorum
1067 310 1238 351 solarium
1257 309 1463 350 efficaciam

173 376 299 427 augeri
330 384 369 415 et
402 374 586 416 maiorem
619 373 802 414 obseruari
836 376 874 414 in
907 375 1074 426 minori,
1131 374 1320 414 minorem
1374 384 1466 411 vero

172 438 211 477 in
244 438 383 479 maiori
413 451 434 479 a
463 436 552 477 foco
582 437 671 478 vitri
703 436 868 478 distantia
902 437 1135 479 notiss‘inium
1160 437 1227 477 est.
1293 434 1467 488 Cumque

172 500 369 542 densitates
398 500 587 541 radiorum
619 499 790 540 solarium
828 503 973 542 vitrum
1024 501 1220 540 causticum
1270 510 1468 552 penetran-

177 564 274 604 tium
295 597 306 616 ,
345 573 384 604 et
414 564 452 602 in
484 562 571 603 foco
603 566 906 605 concurrentium
937 565 1009 604 sint
1049 565 1089 603 in
1123 562 1301 603 distantiis
1330 575 1349 602 a
1382 561 1471 601 foco

173 626 349 677 diuersis,
381 627 533 666 caeteris
566 628 744 680 paribus,
778 627 896 667 ferme
931 628 969 666 in
1001 626 1149 665 ratione
1191 624 1332 665 inuersa
1381 637 1472 677 qua-

173 689 365 730 dratorum
397 688 649 730 distantiarum
683 703 704 729 a
736 689 823 728 foco
841 721 851 738 ,
885 689 1104 729 facillimum
1138 688 1254 729 videri
1300 688 1472 740 poterit,

173 753 300 806 positis
329 751 511 792 caloribus
543 753 583 791 in
614 753 761 793 ratione
795 752 1012 792 densitatum
1046 750 1239 789 radiorum
1261 782 1271 800 ,
1305 751 1472 789 inuenire

174 816 361 855 rationem
397 815 563 855 calorum
598 829 666 867 per
696 814 996 855 Thermometra
1030 813 1218 852 ordinaria
1252 821 1290 852 et
1325 811 1475 851 diuersis

175 877 461 929 expansionibus
490 877 642 929 liquoris
669 876 996 918 Thermometrici
1013 887 1196 916 numeros
1212 876 1346 916 rationi
1364 885 1476 928 prae-

175 940 298 980 dietae
329 949 576 991 congruentes
608 938 796 991 assignare.

292 1001 325 1048 §.
363 1014 404 1049 3.
441 1000 568 1040 Facile
603 1010 732 1040 tamen
752 1010 880 1052 patet:

243 1063 285 1115 1)
320 1061 415 1101 Non
469 1063 611 1103 eodem
661 1072 838 1115 tempore
873 1065 913 1102 in
947 1062 1093 1102 diuersis
1124 1075 1145 1102 a
1177 1063 1267 1102 foco
1300 1062 1479 1103 distantiis

176 1123 474 1164 'rhei-mometra
505 1125 545 1165 in
576 1137 650 1165 axe
682 1126 768 1165 coni
820 1126 995 1167 radiantis
1035 1125 1153 1165 locari
1183 1134 1221 1165 et
1250 1125 1479 1165 obseruatio-

178 1199 245 1231 nes
276 1187 514 1228 simultaneas
545 1188 683 1228 institui
716 1187 856 1242 poffe3
891 1189 997 1229 vnius
1027 1189 1133 1228 enim
1179 1188 1478 1229 Thermometri

179 1249 308 1290 bulbus
339 1250 377 1289 iii
410 1263 483 1289 axe
517 1251 598 1290 coni
640 1251 816 1290 radiantis
855 1252 993 1303 positus
1039 1251 1277 1304 interciperet
1325 1251 1450 1291 radios
1468 1281 1480 1302 ,

179 1323 220 1352 vt
254 1315 297 1352 ad
326 1313 472 1352 alterius
502 1312 588 1353 foco
618 1314 900 1367 propinquioris
931 1313 1086 1354 bulbum
1120 1325 1198 1352 non
1225 1315 1476 1367 peruenirent.

245 1373 285 1428 2)
316 1374 538 1415 Siicceffiuas
570 1376 846 1416 obseruationes
876 1390 961 1417 cum
1011 1378 1127 1417 vnico
1178 1377 1480 1417 Thermometro

178 1437 217 1476 in
249 1438 394 1477 diuerfis
425 1450 446 1477 a
478 1438 567 1477 foco
597 1439 775 1478 distantlis
816 1439 995 1478 erroribus
1034 1438 1268 1482 occasionem
1303 1440 1479 1492 praebere

179 1499 283 1554 posse
302 1532 312 1550 ,
346 1512 434 1540 cum
467 1501 654 1540 radiorum
689 1501 864 1541 solarium
898 1501 1062 1541 efficacia
1091 1511 1278 1554 perpetuo
1297 1511 1477 1543 mutetur.

244 1561 287 1612 3)
319 1561 419 1603 Cum
453 1563 534 1617 ipso
570 1565 669 1604 vitro
700 1574 739 1603 et
781 1564 989 1616 vaporibus
1042 1564 1150 1603 multi
1184 1564 1274 1603 radii
1326 1564 1480 1603 interci-

180 1626 328 1679 piantur
347 1659 356 1677 ‚
377 1628 426 1665 ita
446 1658 456 1675 ‚
490 1636 533 1666 vt
564 1639 697 1666 omnes
717 1640 793 1666 non
812 1637 1011 1680 penetrent
1031 1660 1040 1677 ‚
1068 1637 1104 1666 et
1140 1628 1177 1666 in
1219 1626 1305 1666 foco
1324 1639 1483 1666 concur—

182 1699 267 1727 rant
285 1720 294 1737 ,
330 1699 434 1740 patet
454 1716 464 1736 ‚
484 1690 606 1728 radios
623 1691 797 1728 naturalis
825 1691 1012 1729 densitatis
1043 1702 1129 1729 cum
1163 1690 1273 1728 radiis
1312 1689 1483 1728 artificia-

183 1749 227 1790 lis
261 1750 446 1789 densitatis
476 1762 553 1789 non
588 1748 690 1789 facile
722 1752 933 1803 comparari
964 1751 1084 1804 poffe.
1149 1750 1189 1790 Si
1224 1752 1328 1790 enim
1378 1751 1483 1791 calor

186 1812 487 1852 Thermometro
518 1812 625 1852 radiis
658 1813 740 1853 solis
772 1814 921 1854 dii-cecis
952 1814 1127 1866 exposito
1160 1814 1339 1853 indicatus
1358 1816 1484 1854 minor

186 1876 269 1926 est,
302 1876 393 1915 radii
427 1887 495 1927 per
527 1876 683 1915 eandem
720 1876 859 1916 lentem
895 1875 1037 1916 refracti
1072 1879 1108 1916 in
1144 1878 1275 1916 eadem
1309 1877 1480 1917 distantia

184 1953 205 1979 a
243 1940 330 1979 foco
379 1938 646 1990 expansionem
694 1939 847 1992 liquoris
896 1941 1220 1980 Thermometrici
1271 1941 1480 1992 producunt

185 2003 323 2054 saepius
372 2002 589 2053 maiorem,
622 2015 736 2055 quam
782 2003 805 2042 si
842 2003 1047 2055 praedicstus
1093 2005 1194 2044 calor
1244 2004 1364 2042 maior
1415 2003 1478 2042 est.

185 2066 285 2106 Hinc
317 2063 396 2105 Cel.
431 2063 470 2104 S.
504 2062 747 2116 Gravesande
777 2066 814 2104 iii
847 2067 972 2106 Elem.
1006 2066 1132 2106 Math.
1184 2065 1295 2116 Phys.
1331 2067 1477 2106 nouiff:

184 2129 288 2169 edit:
326 2141 363 2168 n.
401 2140 422 2166 2
432 2139 517 2177 523
551 2129 702 2170 scribit:
740 2128 941 2181 „Effectus
972 2129 1106 2184 speculi
1133 2130 1344 2181 minuitur,
1376 2129 1478 2169 sira-

753 2192 789 2231 V
827 2206 849 2232 v
886 2204 907 2240 3
1428 2192 1480 2231 dii
