2052 2668
456 201 537 245 DE
570 199 846 246 ARGENTO
880 203 1030 247 VIVO.
1365 218 1453 258 339

227 316 317 357 Vnsi
349 328 488 370 cupreo
522 315 647 369 potest
678 328 768 369 aqna
801 315 972 368 infundi,
1006 324 1045 357 et
1061 323 1161 356 totus
1177 324 1370 369 apparatus
1386 319 1462 358 fur·

162 393 214 419 no
250 382 400 420 anemio
423 378 617 420 ,UWVX
651 379 830 432 imponi,
866 389 907 420 vt
937 379 1136 420 ebulliente
1171 391 1265 434 aqua
1283 378 1367 420 vasa
1386 393 1461 420 ex-

163 444 367 482 aminandis
408 442 527 482 fluidis
560 442 672 494 plena
704 441 758 481 illi
793 442 975 495 immergi
1013 442 1161 495 possint.

220 505 340 545 Potest
382 505 490 544 etiam
533 513 727 557 apparatus
760 517 780 544 a
815 505 922 545 furno
956 504 1067 557 tolli,
1100 514 1138 544 et
1171 505 1210 545 in
1245 507 1459 547 commodo

161 568 207 607 ad
243 567 506 608 obseruandum
537 567 626 607 loco
660 568 783 621 poni,
826 568 853 608 fi
885 569 1125 608 decrementa
1165 567 1300 610 caloris
1333 570 1462 610 obser-

159 631 280 670 vanda
316 631 409 671 sunt.
1395 662 1402 672 ,

219 692 330 733 Loco
358 694 565 733 vitreorum
584 693 758 733 vasorum
794 691 942 745 possunt
975 693 1090 732 etiam
1125 691 1271 746 lapidea
1306 695 1460 736 adhibe-

156 756 187 794 ri
213 787 223 805 ,
256 768 348 808 quae
392 755 665 796 vehementem
700 765 741 794 et
778 754 1006 795 subitaneam
1038 756 1241 809 temperiei
1274 760 1459 799 mutatio-

155 829 248 858 nem
284 818 422 858 filcilius
454 819 625 858 sustinere
656 818 794 859 valent.

217 880 342 920 Facile
376 889 478 932 patet
509 881 548 919 in
583 880 684 919 idem
720 891 786 919 vas
828 891 1012 932 cupreum
1053 881 1170 922 etiam
1212 896 1349 935 aquam
1390 883 1456 925 fri-

153 943 279 995 gidam
316 943 489 993 infundi,
524 952 565 981 et
598 952 721 982 totum
757 953 980 996 apparatum
1014 946 1195 986 materiae
1228 946 1456 999 frigorificae

149 1006 346 1044 admoueri
381 1005 495 1056 poffe.

210 1065 385 1104 Tandem
420 1073 461 1104 et
493 1064 820 1117 Experimentum
855 1068 994 1108 XXV.
1028 1071 1238 1110 commode
1274 1074 1452 1112 maxime

148 1127 285 1166 institui
319 1129 441 1179 potest
461 1159 472 1178 ,
494 1128 730 1169 Mercurium
750 1139 788 1169 et
821 1142 950 1183 aquam
986 1130 1064 1170 vafi
1097 1143 1239 1186 cupreo
1271 1133 1453 1176 ABCD

152 1190 404 1243 infundendo,
437 1200 475 1231 et
504 1192 549 1232 ad
583 1192 715 1244 ignem
745 1191 838 1233 furni
873 1194 1013 1235 anemii
1041 1192 1303 1238 calefaciendo,

676 2201 835 2244 Vv2
1373 2209 1453 2255 DE
