2052 2668
563 147 649 184 288
843 139 926 182 DE
958 137 1132 180 MOTV
1163 134 1594 183 TAVTOCHRONO

567 254 647 295 sum
681 252 886 293 ostensurus
902 285 912 303 ,
945 251 1073 292 motui
1105 249 1226 291 m'ulto
1258 253 1449 293 maiorem
1485 250 1790 305 inaequalitatem
1822 253 1880 292 in-

564 319 678 358 ducit.
751 317 941 357 Neueonus
973 315 1077 355 enim
1120 314 1422 368 demonstrauit,
1459 315 1485 356 si
1519 315 1665 366 medii,
1696 315 1745 355 ‚in
1803 327 1881 368 quo

566 379 775 435 pendulum
811 379 975 432 simplex
1007 378 1196 431 agitatur,
1246 378 1444 420 resistentia
1495 377 1579 432 ipsis
1627 378 1882 425 celerimtibus

568 445 612 486 sit
648 443 946 496 proportionalis
965 471 975 485 ‚
1007 441 1227 492 cycloidem
1262 454 1340 482 non
1373 443 1474 483 secus
1514 452 1623 495 atque
1674 442 1712 481 in
1762 442 1882 494 spatio

570 518 693 546 vacuo
725 504 803 545 effe
847 505 1126 545 fiitisfiietumm.
1211 503 1312 546 Cum
1364 516 1488 547 autem
1542 505 1741 545 resistentia
1791 505 1886 544 aeris

569 581 646 609 nou
681 569 915 610 celeritatum
950 569 1140 609 tutionem
1175 569 1390 622 simplicem
1410 601 1421 620 ,
1454 568 1513 609 sed
1555 568 1787 622 duplicatam
1827 567 1884 620 se-

570 643 704 688 quatur
725 665 736 684 ,
771 632 833 673 hic
866 633 1048 684 cycloidis
1083 632 1162 672 vsus
1192 631 1305 673 cessat
1325 665 1336 684 ,
1369 633 1518 686 eiusque
1552 632 1644 672 loco
1677 632 1724 672 ad
1755 639 1884 672 tauto·

570 697 837 738 chronismum
873 696 1129 736 obtinendum
1162 696 1274 737 alium
1307 708 1461 736 curnam
1495 694 1657 736 substitui
1697 702 1887 748 oportet,

569 772 684 814 quam
739 771 816 812 ego
875 759 1020 813 primus
1078 760 1190 799 elicui
1241 769 1378 812 atque.
1406 761 1446 798 in
1495 758 1697 798 Conmzent.
1757 758 1884 799 Acad-

571 824 719 877 Petrop.
752 823 859 863 Tom.
894 822 1068 874 expositi.
1137 821 1315 872 Requirit
1345 831 1390 858 ea
1426 827 1582 869 autem,
1633 820 1794 871 perinde
1827 832 1887 861 Aac

571 887 720 937 cyclois
751 885 976 936 Hugeniana
1010 881 1216 935 pendulum
1252 881 1417 935 simplex
1437 911 1449 933 ,
1484 891 1604 934 neque
1637 892 1709 935 pro
1740 881 1889 937 pendu-

571 949 616 989 lis
647 946 869 1000 compositis
902 946 1023 986 vllum
1058 944 1167 985 vsum
1200 944 1371 999 praestat.

687 1011 722 1058 ξ.
763 1022 801 1058 ς.
838 1007 881 1049 Si
915 1009 1030 1061 igitur
1062 1009 1187 1048 motui
1219 1007 1474 1062 pendulorum
1494 1039 1506 1059 ,
1545 1007 1678 1062 quibus
1729 1008 1888 1050 horolo-

572 1076 633 1128 gia
665 1073 794 1113 instrui
828 1072 945 1112 solent
963 1103 974 1121 ,
1009 1070 1326 1112 iiochronismum
1360 1071 1539 1111 inducere
1578 1071 1744 1112 velimus
1762 1103 1774 1122 ‚
1815 1084 1891 1125 po-

572 1137 753 1178 tiflimum
787 1136 834 1176 ad
869 1135 1033 1189 pendula
1067 1135 1284 1188 composita
1314 1134 1387 1173 erit
1407 1133 1702 1186 respiciendum,
1721 1145 1890 1187 quorum

572 1198 693 1240 maffa
727 1211 806 1239 nou
840 1200 878 1239 in
911 1209 992 1236 vno
1024 1197 1191 1250 quodam
1226 1197 1373 1250 puncto
1404 1196 1566 1237 collecta
1586 1228 1597 1248 ,
1631 1196 1692 1237 sed
1725 1207 1795 1250 per
1828 1206 1887 1238 to-

574 1272 657 1304 tum
690 1261 845 1316 penduli
877 1261 1060 1301 volumen
1081 1292 1091 1311 ‚
1126 1260 1182 1300 vti
1216 1272 1255 1300 re
1287 1271 1378 1300 vera
1410 1259 1492 1309 est,
1522 1259 1679 1313 disperffi
1695 1258 1893 1314 concipia-

575 1335 647 1367 tur.
713 1323 827 1365 Vnde
861 1324 1013 1378 sequens
1041 1322 1200 1364 nascitur
1230 1323 1425 1378 quaestio,
1458 1330 1503 1364 vt
1529 1324 1710 1379 propostto
1742 1321 1892 1378 pendulo

577 1394 784 1444 quocunque
812 1389 995 1443 compofito
1013 1419 1024 1438 ,
1054 1400 1101 1428 ea
1131 1386 1227 1428 linea
1259 1399 1378 1428 curua
1410 1386 1666 1427 determinetur
1683 1417 1694 1437 ,
1727 1387 1766 1426 in
1782 1397 1856 1440 qua
1875 1418 1888 1438 ,

562 1454 605 1507 st
634 1452 701 1493 hoc
731 1452 926 1506 pendulum
957 1457 1145 1490 moueatur
1164 1481 1175 1501 ,
1208 1462 1326 1491 onmes
1359 1451 1436 1491 eius
1473 1446 1705 1502 ffiillationes
1728 1448 1891 1505 sutume

564 1515 642 1570 sint
673 1514 935 1568 aequidiurnae
954 1544 965 1562 ,
1002 1508 1072 1566 seu
1119 1512 1331 1566 aequalibus
1377 1512 1597 1566 temporibus
1644 1508 1889 1564 absoluantur.

579 1579 710 1631 Atque
740 1577 782 1616 ‘in
817 1576 887 1617 hac
920 1575 1207 1628 inuestigatione
1233 1584 1404 1616 mentem
1423 1574 1529 1616 fiicilc
1547 1576 1594 1616 ab
1611 1576 1704 1616 aeris
1724 1576 1892 1616 resisten-

578 1641 631 1679 tia
665 1639 878 1679 abstrahere
913 1640 1154 1691 poterimus,
1187 1649 1273 1678 tum
1305 1639 1408 1691 quod
1439 1639 1596 1679 calculus
1628 1639 1737 1679 fieret
1762 1639 1892 1680 maxi-

580 1715 647 1743 me
683 1703 876 1742 intricatus
907 1712 943 1740 ct
975 1699 1256 1753 insuperabilis,
1302 1710 1384 1741 tum
1419 1711 1514 1739 vero
1551 1701 1743 1753 imprimis
1788 1701 1893 1754 quod

579 1765 777 1806 resistentia
815 1775 894 1805 tum
931 1764 975 1804 sit
1008 1765 1174 1816 exigua,
1208 1773 1252 1803 vt
1286 1763 1361 1803 sinc
1394 1761 1546 1802 sensibili
1581 1775 1711 1804 errore
1750 1763 1893 1818 negligi

579 1838 703 1883 queat.
769 1828 808 1869 A
843 1829 1028 1868 {elutione
1062 1838 1186 1868 autem
1222 1826 1330 1867 huius
1359 1825 1608 1868 Problematis
1655 1837 1739 1868 tota
1776 1827 1890 1868 horo-

581 1893 775 1944 logiorum
798 1890 984 1946 perfectio
1003 1923 1014 1942 ,
1049 1903 1142 1944 quae
1158 1891 1316 1944 quidem
1351 1901 1404 1930 ex
1437 1888 1511 1930 hoc
1538 1901 1677 1942 genere
1693 1890 1893 1946 expectari

581 1954 707 2008 potest
727 1988 737 2004 ,
774 1955 927 2008 pendet.

698 2018 733 2065 §.
768 2021 809 2057 6.
860 2019 1014 2058 Motum
1067 2018 1225 2071 quidem
1281 2016 1432 2071 penduli
1481 2017 1639 2059 cuiusuis
1686 2017 1893 2073 compositi

580 2081 770 2136 Hugenius
804 2081 848 2122 ad
884 2091 1036 2122 motum
1077 2081 1231 2136 penduli
1272 2080 1459 2135 simplicis
1505 2082 1682 2125 reducere
1731 2083 1861 2125 docuit
1879 2113 1892 2134 ,

1795 2145 1887 2187 dum
