2052 2668
159 193 779 258 'ALTIORVM‘GRADVVM
813 200 1043 252 INTEGR.
1074 201 1363 251 PRoMoTA.
1405 219 1459 262 ις

156 322 203 366 In
220 320 280 364 his
307 320 475 362 formulis
506 320 652 364 litterae
684 333 738 373 α,
773 320 826 372 ξ,
859 334 926 377 Ὺ,
960 317 1010 374 δ,
1042 330 1115 363 etc.
1145 314 1231 380 91!
1263 316 1322 372 Q
1339 353 1358 380 Ι
1391 315 1465 380 Ε)

156 396 229 429 etc.
274 387 454 427 denotant
493 385 702 426 constantes
750 387 972 440 quantitates
1007 386 1228 427 arbitrariae.
1276 385 1377 425 Hinc
1424 385 1463 425 in

156 451 319 505 partibus
354 450 543 502 integralis
572 449 790 501 colligendis
806 451 1017 490 cauendum
1035 449 1089 490 est
1108 481 1120 501 ‚
1162 462 1211 489 ne
1244 450 1377 490 eadem
1396 447 1465 488 ha-

156 527 242 554 rum
276 515 485 554 litterarum
518 512 571 551 bis
603 511 778 553 scribatur
796 545 807 564 ‚
853 513 934 566 quia
952 514 1117 565 alioquin
1164 512 1336 552 extensio
1369 507 1463 551 inte-

155 578 261 632 gralis
292 575 580 628 restringeretur.
647 574 855 628 Oportebit
887 587 980 628 ergo
1012 574 1079 615 has
1110 575 1321 615 constantes
1340 574 1464 614 conti-

155 652 232 680 nuo
263 639 370 678 nouis
399 637 530 679 litteris
564 638 717 680 indicari
736 671 748 691 ‚
796 638 943 692 hocque
976 637 1102 678 modo
1134 637 1176 676 in
1195 640 1463 691 aequationem

154 700 371 755 integralem
405 710 466 742 tot
506 702 758 755 ingredientur
806 702 1013 743 constantes
1065 700 1281 742 arbitrariae
1299 734 1310 753 ‚
1361 700 1466 754 quoti

154 765 286 820 gradus
321 763 431 804 fuerit
463 766 632 818 aequatio
650 763 902 806 differentialis
919 765 1143 819 proposita:
1176 764 1216 806 id
1249 764 1353 818 quod
1384 774 1467 803 cer-

153 837 238 869 tum
285 827 339 868 est
385 827 566 869 indicium
610 828 789 882 integrale
836 828 914 869 hoc
964 829 1088 868 modo
1148 828 1343 868 inuentum
1394 823 1468 867 effe

154 889 392 944 completum
413 922 424 942 ,
454 901 565 945 atque
597 892 637 932 in
670 893 899 946 aequatione
930 890 1168 933 differentiali
1209 889 1304 932 nihil
1343 890 1468 931 conti·

154 954 236 994 neri
254 985 266 1005 ‚
297 953 398 1006 quod
430 965 508 994 non
543 953 652 995 fimul
682 955 723 994 in
754 954 825 996 hac
868 954 1092 1008 aequatione
1134 953 1304 1007 integrali
1345 954 1470 994 cont'i-

153 1026 298 1057 neatur.
365 1013 547 1056 Ceterum
581 1018 621 1057 in
653 1018 830 1058 eoloco
849 1050 861 1069 ‚
895 1019 963 1058 vbi
996 1017 1096 1057 hanc
1129 1017 1359 1057 methodum
1385 1015 1470 1057 fufi-

153 1091 196 1120 us
228 1077 416 1132 exposui,
450 1079 613 1132 pluribus
641 1092 730 1121 eam
765 1080 955 1134 exemplis
979 1079 1197 1130 illustram,
1232 1079 1283 1119 ita
1319 1088 1364 1119 vt
1395 1079 1473 1119 cir-

154 1154 200 1182 ca
248 1143 334 1183 eius
387 1142 686 1198 applicationem
744 1144 845 1186 nulla
892 1142 1088 1186 difficultas
1143 1141 1277 1183 locum
1331 1142 1474 1183 habere

158 1213 282 1258 queat.

274 1267 309 1314 ς.
348 1268 393 1305 6.
427 1267 620 1321 Aequatio
651 1277 782 1310 autem
815 1269 1025 1323 generalior
1044 1303 1056 1323 ,
1102 1269 1202 1310 cuius
1243 1263 1473 1321 integrati&

158 1339 249 1368 nem
283 1328 344 1366 hic
376 1327 454 1366 sum
486 1330 704 1378 traditurus,
735 1333 940 1373 denotante
976 1336 1021 1375 X
1053 1332 1289 1373 functionem
1337 1342 1477 1385 quam·-

157 1401 303 1443 cunque
335 1387 445 1442 ipfius
473 1400 502 1430 x
533 1389 583 1429 ita
615 1388 651 1428 se
685 1388 828 1430 habet:

553 1453 620 1488 de
710 1456 800 1497 Q
886 1458 982 1499 Q
1072 1456 1165 1491 Ed⁴y

274 1470 534 1526 szy-i—
557 1478 698 1524 asc-k
719 1498 785 1525 01202
810 1477 875 1518 —l—
900 1501 964 1527 dx³
998 1481 1155 1527 -l-zffr
1197 1479 1265 1520 -l-
1305 1481 1381 1515 etc.

158 1542 199 1584 in
231 1554 303 1596 qua
334 1543 472 1583 iterum
510 1541 756 1584 differentiale
810 1543 882 1585 dx
930 1546 1100 1586 constans
1150 1544 1206 1585 est
1254 1544 1475 1586 assumtum.

157 1605 265 1647 Hanc
297 1606 410 1660 igitur
439 1608 697 1660 aequationem
729 1616 962 1662 quorumque
992 1609 1134 1651 constet
1175 1608 1343 1650 terminis
1361 1641 1372 1662 ‚
1409 1607 1476 1650 seu

157 1668 204 1709 ad
238 1681 502 1724 quemcunque
534 1682 579 1711 ea
612 1670 918 1712 differentialium
949 1673 1107 1727 gradum
1143 1673 1316 1713 ascendat
1335 1705 1346 1726 ‚
1375 1672 1474 1713 lem-

161 1744 230 1784 per
261 1745 329 1783 per
359 1734 580 1785 quantitates
614 1734 735 1775 finitas
766 1736 945 1789 integrari
976 1737 1079 1790 poste
1110 1736 1268 1779 affirmo
1286 1768 1298 1791 ‚
1343 1737 1473 1791 perin-

160 1793 210 1833 de
241 1802 350 1847 atque
379 1797 640 1849 aequationem
673 1807 759 1838 ante
810 1809 1067 1840 memoratam
1085 1833 1097 1852 ,
1148 1812 1242 1852 quae
1291 1809 1473 1852 tanquam

161 1856 260 1897 casus
291 1869 342 1896 ex
373 1855 441 1896 hac
474 1859 629 1899 nascitur
648 1890 660 1911 ,
689 1861 717 1901 fi
749 1859 856 1900 fuerit
886 1861 1030 1902 functio
1064 1864 1228 1902 Xzo.
1297 1864 1360 1903 Ac
1391 1862 1472 1914 pri-

163 1931 234 1961 mo
263 1919 414 1973 quidem
449 1930 555 1973 patet
574 1955 585 1974 ,
616 1935 700 1963 rem
742 1922 832 1963 nulli
862 1922 1073 1965 difficultati
1104 1925 1187 1965 fore
1237 1923 1440 1967 subiectam
1459 1959 1474 1980 ‚

164 1982 191 2023 si
223 1983 263 2023 X
295 1981 402 2023 fuerit
432 1981 578 2024 funstio
609 1986 795 2028 rationalis
825 1988 972 2043 integra
1005 1989 1118 2044 ipsius
1147 2001 1177 2031 x
1195 2022 1207 2044 ‚
1250 1989 1312 2031 seu
1343 1989 1372 2033 ss
1404 1989 1477 2032 ha·

164 2044 248 2087 beat
278 2045 486 2088 huiusmodi
520 2047 717 2090 formam:

277 2113 1009 2178 Xza÷8x†yx³÷3x‘-l-
1041 2132 1121 2166 etc.
1325 2130 1328 2135 '

757 2180 793 2224 Β
824 2193 849 2232 3
1328 2189 1472 2248 Quodfi
