2052 2668
572 183 633 228 IN
666 181 910 228 GENERE.
1340 203 1362 230 2
1373 199 1393 234 8
1404 205 1424 239 ς

136 307 302 349 celeritas
329 304 453 347 debita
484 304 527 347 fit
556 305 736 346 altitudini
769 289 1031 353 vzh÷—
1006 292 1144 368 Jffln
1166 300 1249 358 Φ-ξ,
1258 306 1329 346 cos.
1340 303 1428 362 (D),

134 371 161 411 fi
192 371 348 424 quidem
379 369 482 409 fuerit
512 367 577 413 sm.
598 358 640 418 sp
661 370 742 421 <;
760 370 831 410 cos.
851 365 893 421 sp
934 340 1026 410 (eug
1032 378 1130 422 tang
1167 363 1210 420 Φ
1232 371 1326 422 ζ’.
1295 391 1312 396 -
1393 370 1430 411 Si

134 434 238 473 enim
272 432 422 486 angulus
454 425 497 483 sp
527 432 651 471 maior
681 431 813 484 fuerit,
845 442 890 472 vt
919 433 1042 474 frictio
1072 444 1094 472 a
1134 430 1210 473 sola
1250 433 1432 487 grauitate

134 497 256 536 oneris
285 495 471 548 fiiperetur
486 524 498 544 ,
531 502 614 534 tum
650 495 797 536 etiamsi
830 494 928 536 nulla
961 497 1015 535 vis
1044 502 1071 550 p
1102 494 1235 536 adesset
1254 528 1264 547 ,
1307 507 1434 537 motus

134 559 259 598 oneris
290 559 330 597 in
361 555 548 596 infinitum
580 552 852 598 acceleraretur.
916 559 1044 610 Atque
1086 557 1162 598 hoc
1204 562 1284 599 casu
1323 561 1380 600 vis
1400 567 1431 615 p

134 620 276 660 tamdiu
330 626 475 679 tantum
533 628 621 670 aget
638 651 650 671 ,
690 621 813 674 quoad
852 619 919 660 fiat
950 632 978 660 v
996 632 1049 658 :-
1067 618 1128 672 h3
1180 633 1221 661 ac
1259 622 1434 676 deinceps

132 693 223 722 onus
246 693 268 721 a
304 680 375 721 sola
409 682 587 733 grauitate
614 682 876 722 accelerabitur
893 713 904 732 ,
938 681 1001 720 nisi
1036 681 1133 721 forte
1164 685 1221 724 vis
1244 690 1274 738 p
1307 684 1433 727 motui

131 743 329 795 celeriori,
362 755 384 783 a
415 755 492 797 quo
521 742 597 796 ipsa
628 743 832 796 abripiatur
850 776 861 795 ,
892 742 1092 783 reluctetur
1115 758 1127 796 ·‚
1167 743 1314 799 hocque
1353 747 1432 788 cusu

121 804 197 853 Yfiat
222 806 403 859 negatiua·
434 805 550 861 Quod
570 806 594 846 fi
612 806 760 846 eueniat
779 838 788 857 ,
807 807 937 860 visque
960 812 986 860 p
1011 807 1228 858 negatiuum
1259 808 1430 850 valorem

131 868 260 908 induat
279 899 290 919 ‚
323 868 473 920 quando
512 879 540 908 v
559 869 604 918 >
624 866 687 919 h·‚
730 876 815 908 tum
861 867 1082 908 acceleratio
1130 870 1254 909 oneris
1285 882 1307 910 a
1341 883 1425 924 pro·

131 931 212 983 pria
239 930 416 983 grauitate
445 938 528 969 orta
559 929 821 981 coercebitur,
853 940 964 984 atque
996 939 1125 972 motus
1153 931 1198 971 ad
1229 931 1433 973 vnitbrmi-

131 1007 250 1038 tatem
283 999 475 1039 reducetur
505 999 693 1039 celeritate
743 1001 866 1040 debita
916 1000 1102 1041 altitudini
1134 1015 1235 1042 v-
1180 1035 1235 1042 .-
1253 1001 1281 1044 h
1303 1010 1420 1049 4--
1383 990 1435 1063 ᾖξ’

129 1055 290 1111 (fin.sp
309 1084 350 1091 -
368 1059 474 1113 ³„cos.
496 1054 589 1114 Φ).
655 1060 741 1101 Hoc
774 1073 865 1114 ergo
897 1061 975 1102 casu
1015 1065 1157 1114 prorsus
1196 1067 1430 1122 contrarium

129 1121 291 1173 accidit,
324 1133 434 1176 atque
466 1123 504 1163 in
536 1123 811 1176 praecedente:
844 1123 937 1164 dum
972 1123 1033 1164 hic
1067 1126 1153 1177 vis,
1186 1139 1278 1180 quae
1296 1139 1433 1180 corpus

134 1182 246 1222 initio
278 1184 533 1237 accelerabat,
565 1185 741 1238 deinceps
769 1187 808 1226 in
841 1188 923 1227 vim
958 1188 1206 1231 retardantem
1240 1189 1349 1242 abit,
1373 1198 1428 1229 at·

131 1256 205 1298 que
237 1244 412 1289 effectum
444 1247 630 1302 grauitatis
661 1249 866 1303 reprimere
899 1249 1024 1291 debet.

628 2124 785 2172 Nus
1341 2129 1420 2172 DE
