2052 2668
519 210 610 258 406
743 201 1201 251 OBSERVATIONES
1244 205 1572 252 HISTORIAM

634 321 750 374 Resp.
788 320 820 360 I.
880 319 1094 361 Frussmnea
1162 320 1276 361 essent
1317 334 1456 377 organa
1478 355 1488 374 ,
1532 334 1621 362 curn
1669 331 1829 376 corpora

523 384 699 425 omnium
727 383 866 425 horum
887 384 1043 438 piscium
1064 415 1075 434 ‚
1104 385 1304 438 praecipue
1317 397 1356 426 tn
1373 387 1568 427 elemento
1599 396 1712 439 aquae
1733 417 1744 437 ,
1780 385 1828 425 ad

522 448 847 499 congrediendum
875 446 1020 500 prorsus
1046 447 1126 488 sunt
1161 447 1301 501 inepta.

585 510 624 564 a)
645 510 684 550 Si
703 511 807 551 enim
828 512 864 550 in
886 511 1030 551 vadofis
1048 524 1090 552 ac
1110 511 1206 552 sicco
1224 513 1655 566 congrederentur,cum
1678 511 1829 564 pulmo-

523 573 630 613 nibus
639 573 934 626 destituerentur,
951 587 1038 615 cum
1058 574 1196 628 primis
1211 577 1278 614 a'e'r
1294 585 1401 617 extra
1419 590 1554 631 aquam
1566 574 1828 616 branchiarum

522 636 720 678 structurae
730 639 778 679 ita
797 637 858 679 est.
867 638 1034 679 aduersus
1051 649 1089 678 et
1106 638 1264 688 lethalis,
1273 648 1331 689 vt,
1341 649 1542 695 autequam
1548 641 1740 693 generatio
1754 637 1832 678 {uc-

520 700 693 753 cederet,
713 703 941 756 morirentur
957 715 976 754 ς,
990 701 1166 742 ίὶτιιᾶυτιι
1184 711 1313 743 autern
1336 703 1426 744 liiiec
1445 702 1705 744 bmncliinrum
1719 702 1830 742 ratio-

521 775 568 803 ne
602 763 914 817 finis,.elementi
930 762 1088 818 piscium
1121 774 1158 804 et
1177 765 1468 820 magnitudinis,
1489 776 1667 820 tanquam
1687 765 1829 819 sapien-
1842 777 1857 785 ⁶

519 825 658 868 tissima
693 827 775 868 talis
793 861 804 879 ,
835 828 888 868 est
921 828 1126 868 neceffliria.

585 889 624 944 b)
658 890 703 931 ln
736 892 837 944 aquis
867 891 983 930 etiam
1016 891 1070 929 ob
1098 887 1271 941 corporis
1295 887 1477 930 lubricam
1510 898 1549 929 et
1583 888 1832 940 cylindricam

522 953 745 995 struc‘turam
778 953 896 992 coitus
928 951 980 991 est
1013 951 1259 1006 impossibilis,

586 1014 623 1070 c)
654 1015 695 1056 Si
727 1015 970 1056 instrumenta
1003 1016 1183 1068 quaedam
1217 1014 1366 1055 stationi
1401 1025 1465 1056 aut
1515 1016 1717 1057 retentioni
1767 1029 1835 1057 ne·

522 1079 671 1120 cessiiria
705 1079 864 1120 adessent
881 1110 892 1130 ,
926 1088 1055 1120 motus
1087 1079 1182 1119 celer
1216 1078 1474 1132 impediretur.

587 1141 629 1197 d)
661 1140 702 1184 Si
719 1151 847 1182 nutem
866 1143 1052 1194 quaeritur
1069 1175 1080 1194 ,
1096 1155 1205 1196 quare
1224 1140 1328 1182 Deus
1353 1143 1503 1183 illorum
1525 1155 1688 1196 corpora
1709 1176 1719 1194 ,
1753 1145 1804 1184 ita
1823 1176 1836 1195 ,

523 1218 592 1247 nec
612 1206 742 1256 aliter,
762 1205 995 1246 vtRaiarum
1015 1204 1541 1259 autSquatorum,struxerit?
1556 1207 1666 1247 Tunc
1685 1205 1837 1260 respon-

523 1269 689 1310 dendum
710 1269 762 1309 est
783 1285 790 1309 :
810 1267 917 1310 Deus
926 1268 1057 1320 voluit,
1077 1278 1118 1308 vt
1137 1280 1213 1308 uon
1234 1268 1353 1309 solum
1371 1270 1488 1309 miris
1505 1269 1655 1310 accolae
1677 1300 1690 1322 ‚
1718 1269 1780 1310 scd
1797 1280 1837 1310 ct

521 1333 661 1374 dissitae
677 1333 903 1374 continentis
920 1331 1084 1385 incolae,
1106 1330 1276 1386 piscibus,
1295 1344 1316 1372 e
1343 1333 1439 1373 mari
1460 1333 1696 1374 venientibus
1714 1366 1725 1385 ,
1742 1333 1839 1374 stne—

523 1407 650 1437 rentur
678 1411 690 1451 3
727 1405 767 1436 ct
802 1395 870 1436 nisi
904 1407 1066 1449 corpora
1100 1397 1152 1436 ita
1189 1395 1286 1436 leuia
1305 1429 1316 1448 ,
1353 1396 1392 1436 in
1426 1397 1526 1452 aquis
1559 1396 1732 1438 celeriter
1753 1429 1764 1448 ,
1799 1407 1840 1438 et

527 1460 604 1500 fine
625 1460 793 1501 molestia
821 1459 979 1500 mobilia
997 1458 1131 1510 essent,
1152 1458 1214 1499 hic
1237 1459 1319 1499 finis
1343 1471 1422 1499 non
1449 1461 1679 1500 obtineretur
1698 1492 1709 1511 ,
1729 1458 1839 1513 pisces

525 1522 815 1575 defitigarentur
832 1554 843 1574 ‚
866 1523 905 1562 in
925 1523 988 1561 via
1007 1524 1237 1562 morirentur
1255 1554 1265 1574 ,
1303 1534 1370 1561 nec
1390 1524 1436 1562 ad
1458 1522 1578 1562 fontes
1603 1522 1802 1563 fluuiorum
1825 1556 1837 1576 ,

526 1585 590 1625 rel
611 1586 714 1626 tarde
735 1585 835 1635 sitris,
855 1584 1113 1639 peruenirent,
1134 1596 1201 1624 nec
1221 1584 1403 1624 obstacula
1425 1586 1461 1624 in
1483 1585 1543 1625 xia
1563 1586 1672 1625 obuia
1693 1585 1837 1639 supera-

528 1662 569 1689 re
587 1649 682 1689 adeo
697 1649 802 1690 facile
821 1646 982 1700 possent.
1003 1645 1246 1687 Contrarium
1267 1647 1440 1688 videmus
1459 1649 1496 1688 in
1516 1647 1666 1699 Gottis,
1687 1649 1839 1702 piscibus

527 1712 750 1762 litoralibus,
768 1710 1023 1752 Pleuronectis
1041 1741 1052 1763 ,
1078 1721 1120 1750 ac
1156 1708 1236 1750 aliis
1261 1710 1413 1749 marinis
1431 1741 1442 1761 ‚
1481 1723 1673 1764 nunquam
1708 1712 1841 1754 fluuios

529 1776 776 1816 subeuntibus.

593 1838 645 1879 11.
667 1839 721 1878 Vt
742 1850 914 1879 numerus
933 1836 1164 1891 spinosorum
1185 1836 1360 1891 piscium,
1378 1838 1525 1891 organis
1543 1837 1600 1878 liis
1617 1839 1819 1880 carentium
1833 1873 1843 1892 ,

538 1903 678 1943 millies
697 1903 819 1942 maior
828 1902 879 1943 cst
893 1934 902 1950 ‚
920 1914 1031 1954 quam
1051 1895 1274 1954 reliquorum
1287 1934 1297 1954 ,
1309 1901 1518 1954 organishis
1535 1903 1780 1953 donatorum,
1794 1905 1843 1943 ita

538 1977 575 2006 ct
595 1965 653 2005 vsu
676 1997 685 2013 ‚
707 1965 838 2020 sapore
857 1999 867 2018 ,
886 1964 1090 2018 specierum
1120 1964 1327 2006 diuersitate
1346 1965 1504 2018 reliquos
1521 1978 1655 2006 ornnes
1674 1967 1841 2007 vincunt.

602 2030 653 2076 a).
690 2029 773 2070 lam
809 2041 905 2068 vcro
936 2029 961 2070 si
989 2040 1132 2082 organa
1164 2027 1325 2069 adessent
1345 2030 1380 2068 in
1401 2037 1500 2067 tantu
1519 2029 1688 2082 corporis
1721 2031 1843 2083 parui-

537 2102 611 2132 tate
630 2125 641 2144 ,
676 2094 713 2132 in
749 2094 909 2133 maribus
943 2092 1122 2132 vesiculae
1154 2091 1350 2132 seminales
1382 2093 1492 2144 louge
1521 2094 1714 2143 minores,
1748 2094 1844 2147 puri-

536 2166 590 2196 ter
623 2169 662 2196 ac
695 2158 818 2197 ori-iria
838 2189 848 2206 ,
891 2154 962 2195 csse
994 2156 1171 2197 deberent
1190 2188 1200 2205 ,
1234 2166 1303 2194 nec
1338 2154 1478 2195 soboles
1498 2166 1576 2196 tarn
1609 2155 1758 2210 copiost:
1790 2156 1845 2199 fo-

537 2231 593 2261 ret
613 2253 622 2273 ,
643 2222 738 2275 quoti
761 2220 957 2260 intentioni
976 2221 1120 2260 diuinae
1141 2218 1206 2259 suit
1217 2219 1460 2260 contrarium.

1672 2280 1723 2338 b).
1758 2282 1849 2323 Vno
