2052 2668
560 193 1113 250 DETERMINATIONE.
1427 209 1485 253 43

183 315 298 361 meris
314 313 485 371 aequales
499 314 569 359 este
590 325 741 372 queant.
771 315 932 358 Interim
950 324 1080 357 tamen
1099 311 1246 355 etiamst
1279 311 1495 355 innumera-

183 382 272 423 biles
290 381 442 422 termini
461 381 647 435 generales
663 393 735 436 pro
753 380 824 421 hac
839 379 927 421 serie
943 378 1115 420 exhiberi
1132 386 1291 433 queant,
1318 387 1451 418 tamen
1468 378 1495 418 ii

183 457 317 488 omnes
335 446 375 485 in
394 444 475 499 lege
492 445 650 498 quadam
670 444 831 498 generali
851 446 1115 492 continentur,
1134 452 1243 497 atque
1260 441 1338 483 fine
1354 442 1498 482 diuina-

181 510 288 550 tione
319 521 390 563 per
423 508 582 560 analyfin
616 509 777 548 inueniri
811 505 979 562 poffunt.
1044 505 1255 548 Methodus
1281 505 1493 546 scilicetla-

184 571 321 613 tiffime
370 580 502 625 patens
536 572 629 613 tradi
660 571 783 626 potest
802 601 812 621 ,
846 571 950 611 cuius
981 581 1055 623 ope
1089 570 1263 611 omnium
1291 568 1489 621 strictum,

184 647 339 690 quarum
382 635 535 676 termini
571 647 639 690 per
671 633 932 676 antecedentes
952 663 964 685 ,
999 632 1073 673 s1ue
1122 632 1199 673 fine
1234 632 1357 673 indice
1376 666 1386 684 ,
1420 632 1494 673 siue

183 711 267 739 cum
287 698 405 738 indice
424 730 435 750 ,
454 698 685 739 definiuntur
702 730 712 748 ,
745 698 929 738 terminos
963 694 1151 750 generales
1192 695 1496 737 vniuersaliffime

180 761 337 801 inueniri
370 760 483 802 licet:
516 775 630 816 quam
664 761 916 812 methodum,
950 773 1039 801 cum
1074 772 1154 801 non
1188 759 1311 801 solum
1345 760 1494 813 plenio-

174 836 263 865 rem
297 823 475 866 serierum
510 826 775 879 cognitionem
808 825 1039 879 suppeditet,
1058 824 1120 865 sed
1152 824 1268 865 etiam
1303 835 1380 862 non
1398 833 1492 862 con·

180 888 384 928 temnenda
434 889 626 940 analyseos
664 897 869 943 augmenta
901 887 1176 942 complectatur
1195 921 1205 940 ,
1240 887 1303 928 hic
1336 886 1498 939 diligen·

181 950 253 990 tius
283 949 460 991 euoluere
495 952 700 994 constitui:
737 965 848 1007 quem
880 953 919 994 in
953 952 1074 994 finem
1110 951 1299 1007 sequentia
1340 949 1497 1005 proble-

179 1022 284 1061 mata
316 1014 568 1068 pertrastabo.

697 1073 1007 1130 Problema.

330 1158 365 1206 §.
392 1171 462 1198 12.
486 1157 663 1199 Inuenire
682 1159 890 1200 terminum
909 1158 1119 1213 generalem
1141 1155 1368 1209 seriei,cuius
1385 1156 1494 1211 quili-

182 1219 250 1262 bet
288 1221 467 1262 terminus
500 1222 660 1276 aequalis
693 1222 737 1264 fit
762 1223 1026 1276 antecedenti,
1064 1223 1250 1263 terminus
1284 1233 1378 1262 vero
1416 1221 1496 1276 pri-

186 1295 274 1324 mus
307 1296 364 1324 z
386 1295 426 1324 1.

716 1343 956 1399 Solutio.

331 1425 390 1469 Sit
423 1427 601 1468 terminus
633 1427 814 1478 generalis
845 1427 902 1466 seu
935 1427 990 1479 is,
1030 1427 1093 1480 qui
1128 1427 1241 1468 indici
1274 1441 1301 1469 x
1339 1429 1493 1483 respon-

183 1491 251 1532 det
289 1503 344 1532 :
364 1504 398 1544 y
418 1522 429 1540 ,
472 1503 514 1531 ac
565 1498 726 1544 ponatur
759 1493 939 1531 terminus
972 1490 1122 1543 sequens
1145 1525 1155 1543 ,
1206 1490 1338 1547 (cuius
1378 1494 1494 1535 index

182 1568 237 1596 ,ἶ
262 1569 290 1597 x
308 1563 372 1603 -ι-
398 1568 414 1593 1
442 1553 454 1611 )
488 1556 604 1607 :ys
635 1553 858 1609 debebitque
900 1554 971 1595 effe
992 1557 1042 1606 y'
1060 1565 1187 1610 :y3
1236 1569 1280 1597 ac
1312 1557 1438 1610 pofito
1469 1569 1498 1599 x

182 1632 236 1660 z
261 1633 277 1658 1
304 1652 315 1672 ,
365 1618 445 1659 fieri
495 1619 730 1671 debety:
754 1631 793 1659 1.
883 1616 984 1658 Cum
1043 1620 1118 1660 iarn
1161 1620 1257 1674 fity
1296 1622 1497 1675 quaepiam
1559 1660 1561 1662 .

181 1683 326 1724 funetio
360 1683 467 1736 ipsius
501 1695 558 1735 x,
592 1696 657 1735 per
690 1692 858 1723 naturam
892 1682 1021 1723 calculi
1054 1682 1304 1726 differentialis
1324 1717 1334 1737 ,
1375 1685 1402 1725 sl
1437 1684 1494 1726 lo-

183 1758 233 1786 co
265 1759 291 1786 x
328 1756 484 1798 ponatur
517 1758 553 1828 „vcd
549 1716 628 1837 ’9-1-
655 1760 666 1784 ι
696 1779 706 1796 ,
739 1746 834 1787 fiet:

290 1803 572 1869 y'-y÷⁶‘y
589 1825 673 1868 —i-.
670 1803 758 1840 ‘'dy-
746 1825 855 1870 2,—i—
874 1804 967 1842 Μ-
1100 1804 1208 1873 5³2——

351 1849 402 1855 --
530 1838 581 1869 {dx
681 1843 758 1869 ωαχ
862 1827 1075 1873 ,ψει-1η,
1174 1847 1211 1870 x*
1246 1827 1407 1866 -l-etc.

186 1879 312 1921 sumto
350 1880 587 1920 differenti-ali
627 1884 654 1921 d
681 1893 708 1919 x
746 1883 951 1920 constante.
1015 1847 1202 1937 Quocirca
1244 1883 1316 1924 esse
1356 1882 1492 1924 debet:

307 1963 334 1990 Ο
357 1964 410 1990 ’.Τ-ἶ
431 1935 500 2002 ,ἐξιεῖ
519 1960 638 2005 ἰ’-ἶ
595 1938 685 2003 ddi-*y
650 1938 999 2010 χτ-Ι-’ῒάἷέχκῆ-
976 1939 1124 2009 ,dy—*524
1160 1963 1223 2002 “l'‘
1245 1965 1318 1997 etc.

192 2015 370 2067 Haecque
419 2018 590 2068 aequatio
639 2029 774 2057 omncs
824 2031 929 2059 omn
934 2031 984 2059 no
1038 2019 1142 2059 (arisi
1142 2028 1293 2059 tenentes
1344 2019 1494 2060 valores

190 2078 300 2132 ipsius
320 2093 353 2131 y
385 2079 549 2119 continet
568 2079 809 2131 ,dummodo
840 2083 1037 2137 integratio
1070 2084 1119 2122 ita
1148 2092 1381 2137 temperetur
1401 2116 1411 2136 ,
1452 2093 1496 2125 vt

192 2141 317 2198 posito
354 2152 383 2183 x
402 2154 459 2181 :-
484 2155 502 2182 1
541 2143 608 2185 fiat
626 2159 660 2199 y
679 2158 735 2185 z
759 2158 777 2184 1
805 2178 815 2197 ,
864 2146 921 2188 scu
962 2148 1062 2202 quod
1102 2149 1239 2189 eodem
1274 2149 1369 2189 redit
1388 2181 1398 2199 ,
1449 2157 1493 2187 vt

782 2209 813 2250 F
847 2223 872 2249 2
1363 2211 1489 2265 posito
