2052 2668
543 211 612 259 ΙΝ
645 201 893 259 emme.
978 200 984 205 “
1313 217 1412 267 271⁴

108 322 412 369 accelerationem
443 326 575 368 cessare
597 360 607 378 ,
641 336 864 382 motumque
896 327 975 368 fiire
997 325 1253 368 vomu-mem:
1291 332 1419 381 quem'

111 391 264 442 quidem
300 391 423 445 elaplb
453 391 608 431 demum
644 401 820 443 tempore
849 391 1001 431 infinito
1030 388 1249 444 assequetur.
1334 390 1412 430 Ve-

115 465 197 498 rum
231 467 356 494 tamen
392 466 490 494 mox
521 455 567 493 ab
600 455 709 493 initio
741 455 820 494 iam
852 465 932 494 tam
969 467 1089 509 prope
1125 454 1221 494 huuc
1255 455 1417 506 gradum*

115 516 320 560 velocitatis
336 517 566 570 acquiret,vt
588 528 719 556 motus
737 518 858 557 statim
878 529 1053 571 appareat
1070 518 1289 556 vniformis:
1309 518 1411 569 quod

118 583 236 622 etiam
277 579 503 632 experientia
549 581 599 618 ita
641 580 864 632 confirmat,
899 591 944 620 vt
981 581 1248 620 acceleratione
1286 580 1415 620 initiali

119 646 264 697 penitus
300 641 475 693 neglecta
523 652 622 683 totus
661 653 786 682 motus
825 654 874 681 ex
918 642 995 681 hoc
1046 643 1159 694 gradu
1212 642 1424 683 velocitatis

120 705 298 747 aestimari
330 703 454 745 soleat.
518 705 623 746 Onus
653 717 744 756 ergo
776 704 1068 757 promouebitur
1099 703 1340 744 vniformiter
1359 718 1420 746 ce-

124 779 288 829 leritate,
320 789 410 830 quae
441 779 578 817 oriatur
612 775 711 830 lapsu
752 775 1019 816 ex‘altitudine
1071 787 1098 815 v
1124 786 1179 812 :L
1195 759 1327 834 Mggffl:
1360 772 1420 812 seu

117 853 165 881 ex
187 840 303 893 posita
324 840 514 879 altitudine
533 839 614 880 hin
653 840 811 891 partibus
841 838 1053 879 millesimis
1086 838 1193 891 pedis
1211 835 1383 879 Rhenani
1406 864 1416 883 ‚

119 902 265 955 singulis
299 902 453 940 minutis
484 901 644 940 secundis
678 909 736 940 tot
768 902 879 952 pedes
909 900 1161 953 absoluentur,
1192 909 1287 953 quot
1336 898 1422 938 vni-

120 983 211 1015 tates
240 982 347 1013 erunt
379 973 416 1011 in
448 971 652 1021 formulzgt
673 967 713 1010 V
732 960 792 991 g*
775 961 821 996 —F
843 972 926 1023 ,h.

236 1035 270 1082 ς.
308 1046 373 1072 11.
407 1031 481 1073 Seu
496 1047 582 1074 cum
618 1030 648 1074 'h
680 1034 723 1074 fit
754 1035 917 1074 altitudo
939 1035 1063 1076 debita
1081 1034 1257 1075 celeritati
1278 1046 1422 1087 ,quam

119 1098 242 1138 homo
290 1095 409 1134 libero
457 1097 559 1136 cursu
597 1096 731 1150 assequi
764 1096 912 1149 valeat,
944 1092 1065 1148 {Vh
1101 1097 1296 1148 exprimet
1344 1096 1426 1149 spa-

119 1163 214 1200 tium
249 1159 284 1198 in
317 1157 470 1211 pedibus
490 1191 501 1210 ,
532 1159 631 1212 quod
663 1159 787 1200 homo
826 1159 902 1200 hoc
935 1158 1036 1201 cursu
1073 1158 1219 1212 singulis
1269 1153 1428 1199 minutis

123 1222 284 1263 secundis
326 1220 471 1260 emetiri
502 1223 659 1262 valeat.·
701 1222 842 1279 Quodfi
876 1235 965 1276 ergo
998 1235 1183 1277 pon-amus
1222 1220 1426 1261 hominem

123 1286 274 1326 summo
308 1282 382 1322 hoc
414 1282 617 1324 velocitatis
645 1286 758 1338 gradu
781 1317 792 1337 ,
823 1285 969 1338 singulis
1007 1281 1162 1325 minutis
1210 1283 1370 1323 secundis
1403 1294 1427 1322 n

126 1349 238 1402 pedes
270 1345 457 1386 absoluere
476 1378 486 1397 ‚
522 1347 624 1388 idem
658 1347 784 1387 homo
819 1360 912 1388 onus
944 1349 993 1404 Q
1013 1347 1235 1402 protrahens
1284 1345 1429 1399 singulis

125 1420 277 1459 minutiS
308 1418 472 1457 secundis
501 1420 673 1459 conficiet
698 1419 856 1478 spatium
889 1433 913 1459 n
931 1415 970 1458 V
991 1418 1004 1473 (
1028 1433 1045 1457 1
1071 1441 1112 1445 —
1129 1441 1153 1446 -
1130 1406 1192 1479 Ξ)
1229 1421 1354 1472 pedes.
1388 1417 1431 1459 Si

125 1482 201 1522 duo
232 1480 408 1520 homines
438 1481 671 1521 coniunc'tim
707 1481 881 1532 trahant
917 1481 1038 1521 littera
1071 1494 1094 1521 n
1114 1453 1265 1534 quidem
1293 1481 1430 1520 eadem

127 1544 324 1594 manebit,
366 1541 422 1582 sed
441 1555 574 1584 eorum
597 1545 682 1595 vis,
714 1544 803 1583 dum
837 1543 1054 1598 quiescunt,
1087 1544 1158 1583 erit
1190 1543 1330 1597 dupla,
1362 1543 1430 1583 fic-

128 1630 197 1670 que
230 1616 394 1655 celeritas
424 1618 544 1657 oneris
577 1618 647 1667 erit
680 1649 735 1655 .-
680 1629 784 1656 -n
793 1612 867 1666 V(
891 1630 909 1654 1
937 1638 976 1643 —
993 1602 1034 1639 E
1019 1614 1070 1675 g)
1104 1616 1191 1670 ped.
1235 1617 1274 1655 in
1307 1616 1431 1655 minu-

129 1690 170 1719 to
201 1678 369 1718 secundo.
452 1679 577 1732 Atque
608 1681 633 1721 fi
668 1692 838 1720 numerus
890 1649 1093 1719 liomiiium
1114 1711 1125 1730 ,
1177 1679 1239 1730 qui
1291 1678 1431 1717 viribus

133 1740 337 1793 aequalibus
370 1738 533 1790 polleant
552 1772 562 1791 ,
596 1742 704 1782 fuerit
736 1754 790 1780 :-
823 1754 860 1781 m
880 1773 890 1792 ,
922 1741 1090 1780 celeritas
1122 1742 1226 1780 oneri
1261 1738 1432 1793 impressa

133 1815 201 1853 erit
233 1825 287 1850 :-
307 1823 329 1850 n
352 1806 388 1848 V
411 1810 423 1866 (
448 1824 465 1848 1
495 1835 526 1841 -
545 1799 622 1870 ᾗ)
674 1811 760 1865 ped.
795 1812 833 1852 in
865 1811 1018 1852 minuto
1069 1810 1244 1851 secundo.
1328 1809 1432 1850 Haec

133 1876 266 1916 eadem
300 1876 378 1913 sunt
409 1876 567 1916 tenenda
592 1907 602 1926 ,
638 1875 661 1915 fi
694 1887 788 1914 onus
820 1875 865 1914 ab
898 1876 1000 1927 equis
1035 1874 1160 1914 aliisue
1215 1873 1437 1913 animalibus

135 1938 398 1991 protrahatur,
432 1939 644 1978 dummodo
676 1950 748 1990 pro
777 1937 908 1989 quouis
939 1937 1157 1976 animalium
1190 1947 1327 1988 genere
1370 1937 1436 1975 de·

136 2002 203 2041 biti
237 2001 380 2040 valores
412 1994 640 2052 pro'litteiis
671 2012 696 2052 g
725 2009 763 2038 et
795 2013 819 2039 n
852 1998 1063 2039 assumatur.

251 2063 286 2110 §.
325 2075 393 2100 12.
430 2062 537 2103 Dum
571 2065 681 2116 igitur
713 2063 758 2102 ad
790 2063 886 2102 hunc
938 2062 1127 2103 summum
1179 2069 1289 2113 atque
1343 2061 1432 2100 vlti-

134 2138 242 2166 mum
275 2126 465 2165 celeritatis
497 2127 652 2178 gradum
688 2127 914 2166 attendimus
933 2157 943 2176 ,
977 2137 1052 2178 quo
1083 2136 1178 2164 onus
1209 2136 1231 2162 a
1265 2124 1357 2163 datis
1380 2125 1438 2162 vi-

133 2188 230 2228 ribus
264 2187 436 2237 humanis
470 2188 527 2230 seu
559 2190 784 2236 ,animalibus
832 2189 1050 2241 promoueri
1102 2196 1247 2243 queat·⁷
1298 2187 1431 2225 inertia

1312 2259 1435 2288 oneris
