2052 2668
591 227 677 267 400
986 211 1458 262 OBSERVATIONES

590 333 635 374 In
666 335 739 373 osse
769 330 960 384 temporis
991 330 1121 370 sinistri
1152 328 1312 380 stadium
1346 341 1461 386 vsque
1491 329 1528 370 in
1570 338 1740 370 meatum
1790 332 1896 373 audi-

592 399 731 437 torium
768 405 968 434 externum
1007 393 1328 447 progrediebatur.
1375 430 1380 436 .

702 459 746 498 ln
777 457 851 496 offe
886 457 1038 498 verticis
1066 456 1211 498 sinistro
1241 451 1396 501 fridarii
1411 453 1569 513 duplex.
1637 455 1797 509 Altera,
1823 459 1896 507 cir7

585 535 673 562 cnm
706 520 875 561 medium
910 519 992 560 offis
1021 521 1206 574 temporis
1252 521 1315 562 sub
1351 519 1469 565 sutum
1518 520 1710 574 squamoiii
1757 510 1895 575 enata,

584 584 859 633 adscendebat,
891 594 927 622 et
962 584 1046 623 dein
1063 614 1075 633 ‚
1108 583 1232 625 forma
1248 596 1380 633 arcus,
1410 585 1534 626 abibat
1553 615 1566 636 ,
1583 594 1620 623 et
1639 583 1794 628 finiebat
1811 582 1891 625 verss

584 649 638 689 sus
668 648 827 688 (imnum
863 646 1192 689 lambdiforrnem.
1256 648 1391 689 Altera
1410 681 1422 701 ,
1453 659 1502 690 ex
1533 647 1659 702 priore
1710 639 1885 700 oriunda⁸

584 724 634 753 ex
665 710 740 765 ipia
772 709 1103 760 circumferentia,
1143 723 1216 764 qua
1250 711 1431 752 musculus
1459 710 1683 765 temporalis
1729 711 1793 753 hic
1826 709 1861 772 ρ’]

585 776 736 815 verticis
767 773 943 814 admotus
967 773 1029 831 ,⁶st
1048 804 1059 823 ,
1089 785 1158 826 per
1187 774 1356 815 medium
1387 787 1431 816 os
1457 774 1562 815 recta
1587 768 1771 827 'surgebat
1791 766 1834 827 ,¹⁴
1855 783 1894 825 et

584 838 772 878 desinebat
800 835 970 876 distantia
1001 836 1150 888 pollicis
1177 849 1199 875 a
1235 835 1352 875 {utura
1384 831 1552 888 sagittali.
1615 836 1700 877 Hae
1714 826 1895 878 suntinae

586 902 681 942 duae
713 899 892 940 fracturae
909 929 921 948 ,
950 910 1037 949 quas
1068 897 1151 936 dixi
1181 897 1220 936 in
1251 897 1346 936 viuo
1376 894 1649 937 animaduerfas
1686 896 1796 938 fuisse.
1844 925 1849 932 ·

696 963 807 1017 Quae
845 960 1043 1013 sequuntur
1061 991 1071 1010 ,
1110 960 1149 998 in
1179 959 1368 1001 denudato
1414 959 1541 1000 crauio
1588 969 1734 1001 tantum
1771 942 1896 1006 videri

582 1033 800 1081 potuerunt.
870 1022 980 1064 Prior
1012 1023 1168 1064 frac‘tura
1201 1025 1376 1064 transibat
1405 1022 1563 1063 suturam
1580 1021 1897 1078 lambdoidearn‘,

585 1102 670 1130 arcu
704 1089 769 1130 illo
803 1099 871 1140 per
902 1098 945 1126 os
975 1087 1149 1140 occipitis
1177 1086 1353 1129 deorsum
1387 1085 1601 1143 producto,
1644 1096 1681 1128 et
1712 1086 1753 1129 in
1783 1088 1898 1142 latere

588 1152 731 1194 finistro
767 1148 974 1191 antrorsum
1016 1149 1063 1189 ad
1100 1148 1314 1203 processum
1355 1148 1602 1191 mastoideum
1640 1150 1898 1203 procedebat,

586 1228 656 1269 qua
691 1215 739 1255 de
789 1213 891 1253 caula
920 1213 1108 1254 oriebatur
1139 1212 1271 1266 portio
1301 1211 1530 1265 triangularis
1545 1243 1557 1264 ,
1597 1212 1736 1254 scilicet
1774 1225 1798 1253 a
1829 1212 1897 1257 fra-

585 1279 656 1319 c‘tis
688 1289 726 1318 et
760 1277 874 1317 sutura
918 1275 1150 1317 lambdoide.
1231 1275 1401 1330 Eratque
1449 1274 1679 1330 intropreffii.
1764 1275 1896 1318 Portio

585 1340 855 1382 mammillaris
889 1339 1028 1380 sinistra
1058 1340 1104 1380 ab
1137 1339 1214 1380 offe
1245 1340 1420 1395 occipitis
1468 1340 1578 1379 omni
1628 1351 1734 1381 nexu
1781 1339 1896 1384 soluta

586 1404 667 1445 fuit.
734 1404 929 1445 Praeterea
962 1404 1022 1445 illa
1056 1403 1211 1444 fractura
1230 1435 1242 1456 ,
1276 1416 1345 1458 per
1379 1401 1623 1444 transuersum
1664 1401 1751 1445 offis
1796 1398 1892 1448 occi*-

585 1470 672 1519 pitis
692 1501 702 1518 ‚
736 1467 868 1507 itidem
901 1479 1004 1508 arcus
1046 1466 1192 1521 figura,
1244 1479 1360 1521 vsque
1393 1467 1439 1507 ad
1479 1466 1692 1519 processum
1743 1465 1897 1508 mastoi·

584 1531 699 1570 deum
731 1531 909 1570 dextrum
946 1531 1268 1583 protendebatur,
1301 1543 1378 1583 quo
1410 1531 1499 1569 loco
1532 1529 1663 1581 portio
1697 1530 1892 1571 mammil-

586 1594 673 1634 laris
704 1607 746 1633 os
781 1594 928 1632 verticis
960 1594 1168 1634 deseruerat
1203 1593 1329 1634 libera.
1402 1592 1458 1633 Os
1505 1591 1688 1632 dextrum
1741 1593 1894 1634 verticis

585 1657 719 1696 itidem
753 1655 911 1696 fractum
945 1667 1025 1696 crat
1044 1689 1055 1707 ,
1085 1668 1179 1710 quae
1213 1655 1369 1697 fractura
1402 1655 1464 1696 sub
1498 1654 1578 1695 offe
1612 1656 1760 1695 verticis
1793 1655 1832 1695 in
1851 1656 1894 1697 li-

587 1732 656 1759 nea
687 1720 788 1759 recta
823 1718 1063 1758 adscendebat
1079 1747 1090 1766 ,
1122 1719 1210 1759 dein
1252 1719 1402 1772 oblique
1425 1748 1436 1767 ,
1489 1719 1670 1770 angulum
1720 1719 1896 1766 obtusum

585 1783 752 1824 ibi-mans
773 1815 784 1835 ,
819 1783 1018 1823 retrorsum
1051 1781 1249 1823 ferebatur.

436 1887 502 1915 Ἰὼ.
528 1886 563 1914 Χ.
702 1877 747 1919 In
784 1878 900 1918 latere
933 1877 1076 1918 sinistro
1105 1877 1226 1918 adhuc
1259 1877 1353 1918 duae
1387 1875 1528 1917 fiffiirae
1561 1875 1704 1916 fuerunt
1724 1907 1735 1928 ‚
1770 1877 1829 1919 sed
1854 1886 1893 1920 et

440 1936 466 1955 (ι
489 1927 540 1956 '⁴¹'
588 1943 735 1995 insignis
769 1941 956 1993 stastum,
992 1943 1095 1995 {upra
1127 1941 1256 1982 foffitm
1291 1939 1494 1995 iugularem
1529 1950 1568 1979 ct
1597 1940 1807 1993 condylum
1826 1953 1894 1983 oc-

586 2005 778 2059 cipit-‚ilem
816 2018 930 2059 v>quc
963 2007 999 2045 in
1035 2005 1204 2046 flunmen
1237 2017 1419 2058 magnum
1461 2003 1606 2044 finiens.

705 2099 957 2154 Hippocrates
992 2111 1122 2141 notam
1159 2100 1312 2154 perituri
1344 2111 1393 2139 cx
1424 2101 1557 2152 capitis
1575 2099 1786 2142 vulneribus
1805 2133 1816 2153 ,
1834 2101 1899 2144 vbi

586 2175 629 2203 os
661 2164 1019 2217 quomodocumque
1055 2163 1216 2205 stadium
1237 2196 1248 2215 ‚
1283 2161 1405 2204 fissum
1427 2195 1437 2215 ‚
1471 2164 1533 2204 vel
1566 2163 1734 2205 colliiiim
1755 2164 1891 2215 siverit,

1676 2227 1858 2282 adscripiit
1879 2258 1891 2280 ,
