<?xml version="1.0" encoding="UTF-8"?>
<!DOCTYPE html PUBLIC "-//W3C//DTD XHTML 1.0 Transitional//EN"
    "http://www.w3.org/TR/xhtml1/DTD/xhtml1-transitional.dtd">
<html xmlns="http://www.w3.org/1999/xhtml" xml:lang="en" lang="en">
 <head>
  <title>
</title>
<meta http-equiv="Content-Type" content="text/html;charset=utf-8" />
  <meta name='ocr-system' content='tesseract 3.04.00' />
  <meta name='ocr-capabilities' content='ocr_page ocr_carea ocr_par ocr_line ocrx_word'/>
</head>
<body>
  <div class='ocr_page' id='page_1' title='image "./novicommentariac03impe_0029.png"; bbox 0 0 2052 2668; ppageno 0'>
   <div class='ocr_carea' id='block_1_1' title="bbox 726 203 914 262">
    <p class='ocr_par' dir='ltr' id='par_1_1' title="bbox 726 203 914 262">
     <span class='ocr_line' id='line_1_1' title="bbox 726 203 914 262; baseline -0.005 -1"><span class='ocrx_word' id='word_1_1' title='bbox 726 203 758 261; x_wconf 92' lang='lat'>)(</span> <span class='ocrx_word' id='word_1_2' title='bbox 794 216 846 254; x_wconf 79' lang='lat'>23</span> <span class='ocrx_word' id='word_1_3' title='bbox 885 203 914 262; x_wconf 92' lang='lat'>)(</span> 
     </span>
    </p>
   </div>
   <div class='ocr_carea' id='block_1_2' title="bbox 157 316 1474 1255">
    <p class='ocr_par' dir='ltr' id='par_1_2' title="bbox 157 316 1471 992">
     <span class='ocr_line' id='line_1_2' title="bbox 160 316 1464 374; baseline -0.002 -11"><span class='ocrx_word' id='word_1_4' title='bbox 160 322 250 364; x_wconf 90' lang='lat' dir='ltr'>dem</span> <span class='ocrx_word' id='word_1_5' title='bbox 299 320 379 360; x_wconf 87' lang='lat' dir='ltr'>axis</span> <span class='ocrx_word' id='word_1_6' title='bbox 409 320 448 360; x_wconf 90' lang='lat' dir='ltr'>in</span> <span class='ocrx_word' id='word_1_7' title='bbox 478 316 710 371; x_wconf 88' lang='lat' dir='ltr'>peritrochio</span> <span class='ocrx_word' id='word_1_8' title='bbox 741 317 786 357; x_wconf 82' lang='lat' dir='ltr'>sit</span> <span class='ocrx_word' id='word_1_9' title='bbox 817 318 1077 359; x_wconf 82' lang='lat' dir='ltr'>adhibendus:</span> <span class='ocrx_word' id='word_1_10' title='bbox 1127 325 1237 372; x_wconf 85' lang='lat' dir='ltr'>atque</span> <span class='ocrx_word' id='word_1_11' title='bbox 1291 316 1464 374; x_wconf 62' lang='lat' dir='ltr'>doctrina</span> 
     </span>
     <span class='ocr_line' id='line_1_3' title="bbox 161 380 1465 438; baseline -0.002 -13"><span class='ocrx_word' id='word_1_12' title='bbox 161 384 322 438; x_wconf 74' lang='lat' dir='ltr'>vulgaris</span> <span class='ocrx_word' id='word_1_13' title='bbox 354 384 496 434; x_wconf 88' lang='lat' dir='ltr'>docet,</span> <span class='ocrx_word' id='word_1_14' title='bbox 549 380 573 420; x_wconf 85' lang='lat' dir='ltr'>fi</span> <span class='ocrx_word' id='word_1_15' title='bbox 605 383 722 422; x_wconf 81' lang='lat' dir='ltr'>radius</span> <span class='ocrx_word' id='word_1_16' title='bbox 749 383 872 422; x_wconf 83' lang='lat' dir='ltr'>maior</span> <span class='ocrx_word' id='word_1_17' title='bbox 905 382 951 422; x_wconf 90' lang='lat' dir='ltr'>ad</span> <span class='ocrx_word' id='word_1_18' title='bbox 983 383 1174 422; x_wconf 83' lang='lat' dir='ltr'>minorem</span> <span class='ocrx_word' id='word_1_19' title='bbox 1225 381 1399 435; x_wconf 73' lang='lat' dir='ltr'>capiatur&#39;</span> <span class='ocrx_word' id='word_1_20' title='bbox 1425 382 1465 423; x_wconf 91' lang='lat' dir='ltr'>in</span> 
     </span>
     <span class='ocr_line' id='line_1_4' title="bbox 157 444 1466 499; baseline -0.004 -10"><span class='ocrx_word' id='word_1_21' title='bbox 157 450 303 489; x_wconf 84' lang='lat' dir='ltr'>ratione</span> <span class='ocrx_word' id='word_1_22' title='bbox 339 459 389 486; x_wconf 92' lang='lat'>10</span> <span class='ocrx_word' id='word_1_23' title='bbox 426 446 470 485; x_wconf 83' lang='lat' dir='ltr'>ad</span> <span class='ocrx_word' id='word_1_24' title='bbox 510 457 527 482; x_wconf 91' lang='lat'>1</span> <span class='ocrx_word' id='word_1_25' title='bbox 560 456 654 484; x_wconf 90' lang='lat' dir='ltr'>onus</span> <span class='ocrx_word' id='word_1_26' title='bbox 681 456 701 484; x_wconf 86' lang='lat' dir='ltr'>a</span> <span class='ocrx_word' id='word_1_27' title='bbox 734 446 903 498; x_wconf 88' lang='lat' dir='ltr'>pondere</span> <span class='ocrx_word' id='word_1_28' title='bbox 937 444 1124 486; x_wconf 84' lang='lat' dir='ltr'>sustentari</span> <span class='ocrx_word' id='word_1_29' title='bbox 1157 447 1195 486; x_wconf 91' lang='lat' dir='ltr'>in</span> <span class='ocrx_word' id='word_1_30' title='bbox 1218 444 1433 499; x_wconf 83' lang='lat' dir='ltr'>aequilibrio</span> <span class='ocrx_word' id='word_1_31' title='bbox 1453 476 1466 497; x_wconf 85' lang='lat'>,</span> 
     </span>
     <span class='ocr_line' id='line_1_5' title="bbox 159 508 1466 562; baseline -0.003 -10"><span class='ocrx_word' id='word_1_32' title='bbox 159 513 332 552; x_wconf 87' lang='lat' dir='ltr'>noudum</span> <span class='ocrx_word' id='word_1_33' title='bbox 365 520 454 550; x_wconf 85' lang='lat' dir='ltr'>vero</span> <span class='ocrx_word' id='word_1_34' title='bbox 490 508 636 547; x_wconf 89' lang='lat' dir='ltr'>moueri</span> <span class='ocrx_word' id='word_1_35' title='bbox 670 509 799 560; x_wconf 71' lang='lat' dir='ltr'>poste:</span> <span class='ocrx_word' id='word_1_36' title='bbox 835 509 935 548; x_wconf 90' lang='lat' dir='ltr'>vnde</span> <span class='ocrx_word' id='word_1_37' title='bbox 966 509 1121 561; x_wconf 85' lang='lat' dir='ltr'>quidem</span> <span class='ocrx_word' id='word_1_38' title='bbox 1158 508 1401 562; x_wconf 76' lang='lat' dir='ltr'><strong>intelligimus</strong></span> <span class='ocrx_word' id='word_1_39' title='bbox 1418 509 1466 549; x_wconf 83' lang='lat' dir='ltr'>ad</span> 
     </span>
     <span class='ocr_line' id='line_1_6' title="bbox 162 571 1467 625; baseline -0.002 -10"><span class='ocrx_word' id='word_1_40' title='bbox 162 585 315 615; x_wconf 90' lang='lat' dir='ltr'>motum</span> <span class='ocrx_word' id='word_1_41' title='bbox 349 571 633 624; x_wconf 84' lang='lat' dir='ltr'>producendum</span> <span class='ocrx_word' id='word_1_42' title='bbox 669 571 812 611; x_wconf 72' lang='lat' dir='ltr'>radium</span> <span class='ocrx_word' id='word_1_43' title='bbox 853 572 1043 610; x_wconf 86' lang='lat' dir='ltr'>maiorem</span> <span class='ocrx_word' id='word_1_44' title='bbox 1080 571 1163 623; x_wconf 87' lang='lat' dir='ltr'>plus</span> <span class='ocrx_word' id='word_1_45' title='bbox 1198 585 1310 625; x_wconf 88' lang='lat' dir='ltr'>quam</span> <span class='ocrx_word' id='word_1_46' title='bbox 1344 572 1467 612; x_wconf 90' lang='lat' dir='ltr'>decies</span> 
     </span>
     <span class='ocr_line' id='line_1_7' title="bbox 163 633 1468 688; baseline -0.002 -11"><span class='ocrx_word' id='word_1_47' title='bbox 163 639 355 678; x_wconf 85' lang='lat' dir='ltr'>minorem</span> <span class='ocrx_word' id='word_1_48' title='bbox 390 633 556 688; x_wconf 80' lang='lat' dir='ltr'>superare</span> <span class='ocrx_word' id='word_1_49' title='bbox 589 635 735 676; x_wconf 86' lang='lat' dir='ltr'>debere.</span> <span class='ocrx_word' id='word_1_50' title='bbox 804 633 937 675; x_wconf 87' lang='lat' dir='ltr'>Motus</span> <span class='ocrx_word' id='word_1_51' title='bbox 970 634 1084 686; x_wconf 86' lang='lat' dir='ltr'>igitur</span> <span class='ocrx_word' id='word_1_52' title='bbox 1126 637 1294 686; x_wconf 82' lang='lat' dir='ltr'>sequetur</span> <span class='ocrx_word' id='word_1_53' title='bbox 1345 635 1468 675; x_wconf 86' lang='lat' dir='ltr'>tardus</span> 
     </span>
     <span class='ocr_line' id='line_1_8' title="bbox 161 697 1469 753; baseline -0.001 -14"><span class='ocrx_word' id='word_1_54' title='bbox 161 700 312 753; x_wconf 86' lang='lat' dir='ltr'>quidem</span> <span class='ocrx_word' id='word_1_55' title='bbox 348 697 374 739; x_wconf 87' lang='lat' dir='ltr'>fi</span> <span class='ocrx_word' id='word_1_56' title='bbox 407 698 469 738; x_wconf 90' lang='lat' dir='ltr'>ille</span> <span class='ocrx_word' id='word_1_57' title='bbox 500 697 621 738; x_wconf 86' lang='lat' dir='ltr'>radius</span> <span class='ocrx_word' id='word_1_58' title='bbox 650 697 820 738; x_wconf 88' lang='lat' dir='ltr'>vndecies</span> <span class='ocrx_word' id='word_1_59' title='bbox 849 697 1002 750; x_wconf 85' lang='lat' dir='ltr'>longior</span> <span class='ocrx_word' id='word_1_60' title='bbox 1032 699 1197 750; x_wconf 77' lang='lat' dir='ltr'>capiatur</span> <span class='ocrx_word' id='word_1_61' title='bbox 1216 729 1226 748; x_wconf 86' lang='lat'>‚</span> <span class='ocrx_word' id='word_1_62' title='bbox 1259 707 1296 738; x_wconf 84' lang='lat' dir='ltr'>at</span> <span class='ocrx_word' id='word_1_63' title='bbox 1315 697 1469 738; x_wconf 89' lang='lat' dir='ltr'>celerior</span> 
     </span>
     <span class='ocr_line' id='line_1_9' title="bbox 160 759 1471 813; baseline -0.003 -9"><span class='ocrx_word' id='word_1_64' title='bbox 160 762 190 804; x_wconf 87' lang='lat' dir='ltr'>fi</span> <span class='ocrx_word' id='word_1_65' title='bbox 223 762 396 802; x_wconf 84' lang='lat' dir='ltr'>vndecies</span> <span class='ocrx_word' id='word_1_66' title='bbox 429 760 490 801; x_wconf 84' lang='lat' dir='ltr'>vel</span> <span class='ocrx_word' id='word_1_67' title='bbox 522 760 744 803; x_wconf 82' lang='lat' dir='ltr'>duodecies:</span> <span class='ocrx_word' id='word_1_68' title='bbox 779 760 890 801; x_wconf 89' lang='lat' dir='ltr'>fimul</span> <span class='ocrx_word' id='word_1_69' title='bbox 924 773 1018 800; x_wconf 87' lang='lat' dir='ltr'>vero</span> <span class='ocrx_word' id='word_1_70' title='bbox 1038 761 1282 813; x_wconf 68' lang='lat' dir='ltr'>intelligitur,</span> <span class='ocrx_word' id='word_1_71' title='bbox 1314 760 1338 800; x_wconf 86' lang='lat' dir='ltr'>fi</span> <span class='ocrx_word' id='word_1_72' title='bbox 1358 759 1471 800; x_wconf 86' lang='lat' dir='ltr'>nimis</span> 
     </span>
     <span class='ocr_line' id='line_1_10' title="bbox 163 822 1470 879; baseline -0.003 -13"><span class='ocrx_word' id='word_1_73' title='bbox 163 825 297 879; x_wconf 88' lang='lat' dir='ltr'>longus</span> <span class='ocrx_word' id='word_1_74' title='bbox 328 824 444 865; x_wconf 90' lang='lat' dir='ltr'>veluti</span> <span class='ocrx_word' id='word_1_75' title='bbox 473 824 614 865; x_wconf 88' lang='lat' dir='ltr'>centies</span> <span class='ocrx_word' id='word_1_76' title='bbox 644 823 708 864; x_wconf 87' lang='lat' dir='ltr'>vel</span> <span class='ocrx_word' id='word_1_77' title='bbox 743 824 882 865; x_wconf 88' lang='lat' dir='ltr'>millies</span> <span class='ocrx_word' id='word_1_78' title='bbox 915 822 1065 878; x_wconf 84' lang='lat' dir='ltr'>longior</span> <span class='ocrx_word' id='word_1_79' title='bbox 1117 825 1292 865; x_wconf 82' lang='lat' dir='ltr'>statuatur</span> <span class='ocrx_word' id='word_1_80' title='bbox 1310 856 1321 874; x_wconf 87' lang='lat'>,</span> <span class='ocrx_word' id='word_1_81' title='bbox 1372 834 1470 876; x_wconf 88' lang='lat' dir='ltr'>pon-</span> 
     </span>
     <span class='ocr_line' id='line_1_11' title="bbox 164 887 1471 942; baseline -0.002 -13"><span class='ocrx_word' id='word_1_82' title='bbox 164 889 230 929; x_wconf 85' lang='lat' dir='ltr'>dus</span> <span class='ocrx_word' id='word_1_83' title='bbox 278 889 433 942; x_wconf 87' lang='lat' dir='ltr'>quidem</span> <span class='ocrx_word' id='word_1_84' title='bbox 467 888 592 928; x_wconf 91' lang='lat' dir='ltr'>multo</span> <span class='ocrx_word' id='word_1_85' title='bbox 623 887 778 928; x_wconf 88' lang='lat' dir='ltr'>celerius</span> <span class='ocrx_word' id='word_1_86' title='bbox 810 887 881 928; x_wconf 60' lang='lat' dir='ltr'>effla</span> <span class='ocrx_word' id='word_1_87' title='bbox 913 887 1166 928; x_wconf 80' lang='lat' dir='ltr'>descensurum</span> <span class='ocrx_word' id='word_1_88' title='bbox 1188 919 1199 940; x_wconf 81' lang='lat'>,</span> <span class='ocrx_word' id='word_1_89' title='bbox 1249 887 1372 929; x_wconf 86' lang='lat' dir='ltr'>oneris</span> <span class='ocrx_word' id='word_1_90' title='bbox 1404 898 1471 926; x_wconf 85' lang='lat' dir='ltr'>au-</span> 
     </span>
     <span class='ocr_line' id='line_1_12' title="bbox 168 948 1190 992; baseline -0.001 0"><span class='ocrx_word' id='word_1_91' title='bbox 168 960 251 992; x_wconf 87' lang='lat' dir='ltr'>tem</span> <span class='ocrx_word' id='word_1_92' title='bbox 287 950 469 991; x_wconf 85' lang='lat' dir='ltr'>ascensum</span> <span class='ocrx_word' id='word_1_93' title='bbox 504 952 640 991; x_wconf 84' lang='lat' dir='ltr'>iterum</span> <span class='ocrx_word' id='word_1_94' title='bbox 674 951 876 991; x_wconf 83' lang='lat' dir='ltr'>tardiorem</span> <span class='ocrx_word' id='word_1_95' title='bbox 908 948 982 991; x_wconf 85' lang='lat' dir='ltr'>effe</span> <span class='ocrx_word' id='word_1_96' title='bbox 1014 952 1190 991; x_wconf 75' lang='lat' dir='ltr'>stitutum.</span> 
     </span>
    </p>

    <p class='ocr_par' dir='ltr' id='par_1_3' title="bbox 165 1013 1474 1255">
     <span class='ocr_line' id='line_1_13' title="bbox 281 1013 1471 1071; baseline 0 -18"><span class='ocrx_word' id='word_1_97' title='bbox 281 1014 408 1071; x_wconf 83' lang='lat' dir='ltr'>Quam</span> <span class='ocrx_word' id='word_1_98' title='bbox 443 1014 560 1053; x_wconf 85' lang='lat' dir='ltr'>velox</span> <span class='ocrx_word' id='word_1_99' title='bbox 596 1022 725 1053; x_wconf 83' lang='lat' dir='ltr'>autem</span> <span class='ocrx_word' id='word_1_100' title='bbox 759 1015 890 1067; x_wconf 91' lang='lat' dir='ltr'>quouis</span> <span class='ocrx_word' id='word_1_101' title='bbox 922 1013 1000 1054; x_wconf 84' lang='lat' dir='ltr'>casu</span> <span class='ocrx_word' id='word_1_102' title='bbox 1028 1023 1155 1055; x_wconf 85' lang='lat' dir='ltr'>motus</span> <span class='ocrx_word' id='word_1_103' title='bbox 1172 1014 1291 1054; x_wconf 88' lang='lat' dir='ltr'>oneris</span> <span class='ocrx_word' id='word_1_104' title='bbox 1308 1015 1441 1055; x_wconf 84' lang='lat' dir='ltr'>existat</span> <span class='ocrx_word' id='word_1_105' title='bbox 1460 1043 1471 1065; x_wconf 91' lang='lat'>‚</span> 
     </span>
     <span class='ocr_line' id='line_1_14' title="bbox 171 1076 1471 1131; baseline -0.002 -13"><span class='ocrx_word' id='word_1_106' title='bbox 171 1089 221 1117; x_wconf 89' lang='lat' dir='ltr'>ex</span> <span class='ocrx_word' id='word_1_107' title='bbox 239 1077 447 1131; x_wconf 83' lang='lat' dir='ltr'>vulgaribus</span> <span class='ocrx_word' id='word_1_108' title='bbox 480 1076 728 1117; x_wconf 76' lang='lat' dir='ltr'>mechanicae</span> <span class='ocrx_word' id='word_1_109' title='bbox 759 1077 953 1130; x_wconf 87' lang='lat' dir='ltr'>principiis</span> <span class='ocrx_word' id='word_1_110' title='bbox 986 1077 1148 1117; x_wconf 89' lang='lat' dir='ltr'>minime</span> <span class='ocrx_word' id='word_1_111' title='bbox 1179 1076 1336 1117; x_wconf 86' lang='lat' dir='ltr'>definire</span> <span class='ocrx_word' id='word_1_112' title='bbox 1354 1078 1471 1127; x_wconf 88' lang='lat' dir='ltr'>licet,</span> 
     </span>
     <span class='ocr_line' id='line_1_15' title="bbox 165 1139 1474 1194; baseline -0.002 -13"><span class='ocrx_word' id='word_1_113' title='bbox 165 1153 257 1194; x_wconf 83' lang='lat' dir='ltr'>quae</span> <span class='ocrx_word' id='word_1_114' title='bbox 289 1140 459 1194; x_wconf 86' lang='lat' dir='ltr'>cognitio</span> <span class='ocrx_word' id='word_1_115' title='bbox 490 1149 616 1179; x_wconf 81' lang='lat' dir='ltr'>tamen</span> <span class='ocrx_word' id='word_1_116' title='bbox 653 1139 675 1179; x_wconf 80' lang='lat' dir='ltr'>ss</span> <span class='ocrx_word' id='word_1_117' title='bbox 708 1141 755 1179; x_wconf 87' lang='lat' dir='ltr'>de</span> <span class='ocrx_word' id='word_1_118' title='bbox 791 1140 997 1181; x_wconf 79' lang='lat' dir='ltr'>Machinae</span> <span class='ocrx_word' id='word_1_119' title='bbox 1030 1140 1164 1181; x_wconf 75' lang='lat' dir='ltr'>effetstu</span> <span class='ocrx_word' id='word_1_120' title='bbox 1213 1140 1371 1181; x_wconf 82' lang='lat' dir='ltr'>iudicare</span> <span class='ocrx_word' id='word_1_121' title='bbox 1405 1151 1474 1179; x_wconf 85' lang='lat' dir='ltr'>ve-</span> 
     </span>
     <span class='ocr_line' id='line_1_16' title="bbox 170 1203 1474 1255; baseline -0.002 -11"><span class='ocrx_word' id='word_1_122' title='bbox 170 1204 282 1244; x_wconf 86' lang='lat' dir='ltr'>limus</span> <span class='ocrx_word' id='word_1_123' title='bbox 301 1236 312 1255; x_wconf 85' lang='lat'>,</span> <span class='ocrx_word' id='word_1_124' title='bbox 341 1203 505 1243; x_wconf 80' lang='lat' dir='ltr'>absolute</span> <span class='ocrx_word' id='word_1_125' title='bbox 539 1203 592 1243; x_wconf 89' lang='lat' dir='ltr'>est</span> <span class='ocrx_word' id='word_1_126' title='bbox 625 1204 849 1243; x_wconf 77' lang='lat' dir='ltr'>neceffiuia:</span> <span class='ocrx_word' id='word_1_127' title='bbox 887 1203 1010 1243; x_wconf 92' lang='lat' dir='ltr'>multo</span> <span class='ocrx_word' id='word_1_128' title='bbox 1045 1205 1168 1244; x_wconf 83' lang='lat' dir='ltr'>miuus</span> <span class='ocrx_word' id='word_1_129' title='bbox 1197 1203 1283 1243; x_wconf 84' lang='lat' dir='ltr'>vide</span> <span class='ocrx_word' id='word_1_130' title='bbox 1318 1216 1361 1245; x_wconf 85' lang='lat' dir='ltr'>ea</span> <span class='ocrx_word' id='word_1_131' title='bbox 1383 1203 1474 1244; x_wconf 85' lang='lat' dir='ltr'>Ma-</span> 
     </span>
    </p>
   </div>
   <div class='ocr_carea' id='block_1_3' title="bbox 172 1264 1476 1380">
    <p class='ocr_par' dir='ltr' id='par_1_4' title="bbox 172 1264 1476 1380">
     <span class='ocr_line' id='line_1_17' title="bbox 172 1264 1474 1319; baseline 0.001 -14"><span class='ocrx_word' id='word_1_132' title='bbox 172 1266 307 1306; x_wconf 86' lang='lat' dir='ltr'>chinae</span> <span class='ocrx_word' id='word_1_133' title='bbox 338 1264 525 1317; x_wconf 80' lang='lat' dir='ltr'>dispositio</span> <span class='ocrx_word' id='word_1_134' title='bbox 543 1295 554 1315; x_wconf 85' lang='lat'>,</span> <span class='ocrx_word' id='word_1_135' title='bbox 589 1265 625 1303; x_wconf 86' lang='lat' dir='ltr'>in</span> <span class='ocrx_word' id='word_1_136' title='bbox 661 1278 728 1316; x_wconf 64' lang='lat' dir='ltr'>qua</span> <span class='ocrx_word' id='word_1_137' title='bbox 766 1264 907 1304; x_wconf 83' lang='lat' dir='ltr'>summa</span> <span class='ocrx_word' id='word_1_138' title='bbox 926 1266 1107 1317; x_wconf 66' lang='lat' dir='ltr'>perfestio</span> <span class='ocrx_word' id='word_1_139' title='bbox 1123 1267 1336 1307; x_wconf 88' lang='lat' dir='ltr'>continetur</span> <span class='ocrx_word' id='word_1_140' title='bbox 1353 1300 1363 1319; x_wconf 88' lang='lat'>,</span> <span class='ocrx_word' id='word_1_141' title='bbox 1381 1277 1474 1319; x_wconf 85' lang='lat' dir='ltr'>quae</span> 
     </span>
     <span class='ocr_line' id='line_1_18' title="bbox 173 1326 1476 1380; baseline 0.001 -13"><span class='ocrx_word' id='word_1_142' title='bbox 173 1329 277 1367; x_wconf 92' lang='lat' dir='ltr'>oneri</span> <span class='ocrx_word' id='word_1_143' title='bbox 307 1326 487 1365; x_wconf 80' lang='lat' dir='ltr'>ascensum</span> <span class='ocrx_word' id='word_1_144' title='bbox 521 1326 760 1364; x_wconf 86' lang='lat' dir='ltr'>celerrimum</span> <span class='ocrx_word' id='word_1_145' title='bbox 794 1327 962 1376; x_wconf 84' lang='lat' dir='ltr'>inducit,</span> <span class='ocrx_word' id='word_1_146' title='bbox 996 1328 1141 1367; x_wconf 83' lang='lat' dir='ltr'>definiri</span> <span class='ocrx_word' id='word_1_147' title='bbox 1178 1328 1313 1380; x_wconf 86' lang='lat' dir='ltr'>potest.</span> <span class='ocrx_word' id='word_1_148' title='bbox 1366 1329 1476 1368; x_wconf 80' lang='lat' dir='ltr'>Hauc</span> 
     </span>
    </p>
   </div>
   <div class='ocr_carea' id='block_1_4' title="bbox 173 1386 1474 1441">
    <p class='ocr_par' dir='ltr' id='par_1_5' title="bbox 173 1386 1474 1441">
     <span class='ocr_line' id='line_1_19' title="bbox 173 1386 1474 1441; baseline 0.001 -13"><span class='ocrx_word' id='word_1_149' title='bbox 173 1389 285 1441; x_wconf 86' lang='lat' dir='ltr'>igitur</span> <span class='ocrx_word' id='word_1_150' title='bbox 317 1388 473 1440; x_wconf 81' lang='lat' dir='ltr'>aliasque</span> <span class='ocrx_word' id='word_1_151' title='bbox 506 1386 642 1426; x_wconf 85' lang='lat' dir='ltr'>ssmiles</span> <span class='ocrx_word' id='word_1_152' title='bbox 674 1386 907 1438; x_wconf 78' lang='lat' dir='ltr'>quaestiones</span> <span class='ocrx_word' id='word_1_153' title='bbox 941 1387 1178 1428; x_wconf 80' lang='lat' dir='ltr'>Mechanicas</span> <span class='ocrx_word' id='word_1_154' title='bbox 1192 1390 1346 1429; x_wconf 63' lang='lat' dir='ltr'>Aucior</span> <span class='ocrx_word' id='word_1_155' title='bbox 1364 1390 1474 1429; x_wconf 84' lang='lat' dir='ltr'>euol-</span> 
     </span>
    </p>
   </div>
   <div class='ocr_carea' id='block_1_5' title="bbox 172 1449 1472 1555">
    <p class='ocr_par' dir='ltr' id='par_1_6' title="bbox 172 1449 1472 1555">
     <span class='ocr_line' id='line_1_20' title="bbox 172 1449 1472 1504; baseline 0.002 -13"><span class='ocrx_word' id='word_1_156' title='bbox 172 1453 227 1492; x_wconf 89' lang='lat' dir='ltr'>uit</span> <span class='ocrx_word' id='word_1_157' title='bbox 245 1484 255 1503; x_wconf 87' lang='lat'>,</span> <span class='ocrx_word' id='word_1_158' title='bbox 285 1460 397 1504; x_wconf 80' lang='lat' dir='ltr'>atque</span> <span class='ocrx_word' id='word_1_159' title='bbox 428 1449 584 1501; x_wconf 83' lang='lat' dir='ltr'>Analyfi</span> <span class='ocrx_word' id='word_1_160' title='bbox 610 1450 818 1491; x_wconf 89' lang='lat' dir='ltr'>sublimiori</span> <span class='ocrx_word' id='word_1_161' title='bbox 851 1451 892 1490; x_wconf 88' lang='lat' dir='ltr'>in</span> <span class='ocrx_word' id='word_1_162' title='bbox 924 1450 1121 1492; x_wconf 79' lang='lat' dir='ltr'>subsidium</span> <span class='ocrx_word' id='word_1_163' title='bbox 1154 1462 1285 1493; x_wconf 82' lang='lat' dir='ltr'>vocata</span> <span class='ocrx_word' id='word_1_164' title='bbox 1328 1464 1472 1494; x_wconf 82' lang='lat' dir='ltr'>accura-</span> 
     </span>
     <span class='ocr_line' id='line_1_21' title="bbox 176 1516 426 1555; baseline 0 -1"><span class='ocrx_word' id='word_1_165' title='bbox 176 1523 214 1554; x_wconf 90' lang='lat' dir='ltr'>te</span> <span class='ocrx_word' id='word_1_166' title='bbox 247 1516 426 1555; x_wconf 85' lang='lat' dir='ltr'>enucleat.</span> 
     </span>
    </p>
   </div>
   <div class='ocr_carea' id='block_1_6' title="bbox 174 1597 1472 1701">
    <p class='ocr_par' dir='ltr' id='par_1_7' title="bbox 174 1597 1472 1701">
     <span class='ocr_line' id='line_1_22' title="bbox 174 1597 1472 1653; baseline 0.002 -2"><span class='ocrx_word' id='word_1_167' title='bbox 174 1613 239 1652; x_wconf 82' lang='lat' dir='ltr'>DE</span> <span class='ocrx_word' id='word_1_168' title='bbox 273 1612 418 1651; x_wconf 84' lang='lat' dir='ltr'>MOTV</span> <span class='ocrx_word' id='word_1_169' title='bbox 453 1612 834 1650; x_wconf 53' lang='lat' dir='ltr'>&#39;rivaocHitouo</span> <span class='ocrx_word' id='word_1_170' title='bbox 877 1597 1213 1652; x_wconf 66' lang='lat' dir='ltr'>PssuovLonM</span> <span class='ocrx_word' id='word_1_171' title='bbox 1251 1614 1472 1653; x_wconf 80' lang='lat' dir='ltr'>COMPOSI-</span> 
     </span>
     <span class='ocr_line' id='line_1_23' title="bbox 448 1663 1191 1701; baseline 0.003 -2"><span class='ocrx_word' id='word_1_172' title='bbox 448 1663 621 1701; x_wconf 68' lang='lat' dir='ltr'>Toaviu</span> <span class='ocrx_word' id='word_1_173' title='bbox 649 1663 880 1700; x_wconf 74' lang='lat' dir='ltr'>AVCTORE</span> <span class='ocrx_word' id='word_1_174' title='bbox 908 1664 950 1699; x_wconf 82' lang='lat' dir='ltr'>L.</span> <span class='ocrx_word' id='word_1_175' title='bbox 982 1665 1191 1701; x_wconf 53' lang='grc' dir='ltr'>ἕπε-κο.</span> 
     </span>
    </p>
   </div>
   <div class='ocr_carea' id='block_1_7' title="bbox 177 1744 1475 2186">
    <p class='ocr_par' dir='ltr' id='par_1_8' title="bbox 177 1744 1475 2186">
     <span class='ocr_line' id='line_1_24' title="bbox 177 1744 1475 1860; baseline 0.002 -67"><span class='ocrx_word' id='word_1_176' title='bbox 177 1744 385 1860; x_wconf 72' lang='lat' dir='ltr'>Pendula</span> <span class='ocrx_word' id='word_1_177' title='bbox 433 1753 597 1806; x_wconf 83' lang='lat' dir='ltr'>vulgaria</span> <span class='ocrx_word' id='word_1_178' title='bbox 617 1784 627 1799; x_wconf 82' lang='grc'>,</span> <span class='ocrx_word' id='word_1_179' title='bbox 699 1754 831 1808; x_wconf 85' lang='lat' dir='ltr'>quibus</span> <span class='ocrx_word' id='word_1_180' title='bbox 870 1764 995 1794; x_wconf 85' lang='lat' dir='ltr'>motus</span> <span class='ocrx_word' id='word_1_181' title='bbox 1045 1753 1334 1808; x_wconf 88' lang='lat' dir='ltr'>horologiorum</span> <span class='ocrx_word' id='word_1_182' title='bbox 1375 1766 1475 1795; x_wconf 82' lang='lat' dir='ltr'>tem·</span> 
     </span>
     <span class='ocr_line' id='line_1_25' title="bbox 287 1815 1473 1870; baseline 0.003 -15"><span class='ocrx_word' id='word_1_183' title='bbox 287 1816 409 1869; x_wconf 87' lang='lat' dir='ltr'>perari</span> <span class='ocrx_word' id='word_1_184' title='bbox 440 1815 558 1867; x_wconf 82' lang='lat' dir='ltr'>solet,</span> <span class='ocrx_word' id='word_1_185' title='bbox 595 1817 668 1857; x_wconf 89' lang='lat' dir='ltr'>hoc</span> <span class='ocrx_word' id='word_1_186' title='bbox 687 1819 786 1857; x_wconf 81' lang='lat' dir='ltr'>vitio</span> <span class='ocrx_word' id='word_1_187' title='bbox 820 1817 984 1857; x_wconf 84' lang='lat' dir='ltr'>laborare</span> <span class='ocrx_word' id='word_1_188' title='bbox 1004 1848 1015 1866; x_wconf 79' lang='lat'>‚</span> <span class='ocrx_word' id='word_1_189' title='bbox 1049 1818 1151 1870; x_wconf 92' lang='lat' dir='ltr'>quod</span> <span class='ocrx_word' id='word_1_190' title='bbox 1168 1830 1303 1857; x_wconf 84' lang='lat' dir='ltr'>omnes</span> <span class='ocrx_word' id='word_1_191' title='bbox 1330 1817 1473 1859; x_wconf 73' lang='lat' dir='ltr'>olcilla-</span> 
     </span>
     <span class='ocr_line' id='line_1_26' title="bbox 183 1877 1475 1935; baseline 0.002 -16"><span class='ocrx_word' id='word_1_192' title='bbox 183 1882 334 1928; x_wconf 81' lang='lat' dir='ltr'>tioneS,</span> <span class='ocrx_word' id='word_1_193' title='bbox 384 1877 456 1918; x_wconf 71' lang='lat' dir='ltr'>siue</span> <span class='ocrx_word' id='word_1_194' title='bbox 497 1880 567 1919; x_wconf 77' lang='lat' dir='ltr'>sint</span> <span class='ocrx_word' id='word_1_195' title='bbox 602 1880 807 1931; x_wconf 80' lang='lat' dir='ltr'>ampliores</span> <span class='ocrx_word' id='word_1_196' title='bbox 827 1911 838 1930; x_wconf 86' lang='lat'>,</span> <span class='ocrx_word' id='word_1_197' title='bbox 872 1880 944 1919; x_wconf 82' lang='lat' dir='ltr'>siue</span> <span class='ocrx_word' id='word_1_198' title='bbox 979 1880 1174 1932; x_wconf 83' lang='lat' dir='ltr'>minores,</span> <span class='ocrx_word' id='word_1_199' title='bbox 1216 1893 1293 1921; x_wconf 90' lang='lat' dir='ltr'>non</span> <span class='ocrx_word' id='word_1_200' title='bbox 1326 1881 1475 1935; x_wconf 87' lang='lat' dir='ltr'>paribus</span> 
     </span>
     <span class='ocr_line' id='line_1_27' title="bbox 181 1940 1471 1995; baseline 0.001 -12"><span class='ocrx_word' id='word_1_201' title='bbox 181 1942 365 1995; x_wconf 88' lang='lat' dir='ltr'>temporis</span> <span class='ocrx_word' id='word_1_202' title='bbox 396 1940 596 1981; x_wconf 82' lang='lat' dir='ltr'>interuallis</span> <span class='ocrx_word' id='word_1_203' title='bbox 629 1941 858 1982; x_wconf 79' lang='lat' dir='ltr'>absoluantur</span> <span class='ocrx_word' id='word_1_204' title='bbox 878 1974 888 1993; x_wconf 87' lang='lat'>‚</span> <span class='ocrx_word' id='word_1_205' title='bbox 932 1943 1007 1981; x_wconf 82' lang='lat' dir='ltr'>iam</span> <span class='ocrx_word' id='word_1_206' title='bbox 1043 1944 1190 1995; x_wconf 86' lang='lat' dir='ltr'>pridem</span> <span class='ocrx_word' id='word_1_207' title='bbox 1225 1945 1277 1984; x_wconf 85' lang='lat' dir='ltr'>est</span> <span class='ocrx_word' id='word_1_208' title='bbox 1320 1955 1471 1984; x_wconf 87' lang='lat' dir='ltr'>notum.</span> 
     </span>
     <span class='ocr_line' id='line_1_28' title="bbox 181 2004 1473 2062; baseline 0.002 -16"><span class='ocrx_word' id='word_1_209' title='bbox 181 2006 342 2059; x_wconf 86' lang='lat' dir='ltr'>Duplex</span> <span class='ocrx_word' id='word_1_210' title='bbox 372 2013 498 2044; x_wconf 81' lang='lat' dir='ltr'>autem</span> <span class='ocrx_word' id='word_1_211' title='bbox 532 2004 634 2044; x_wconf 86' lang='lat' dir='ltr'>huius</span> <span class='ocrx_word' id='word_1_212' title='bbox 675 2006 940 2058; x_wconf 76' lang='lat' dir='ltr'>inaequalitatis</span> <span class='ocrx_word' id='word_1_213' title='bbox 997 2006 1092 2045; x_wconf 82' lang='lat' dir='ltr'>ratio</span> <span class='ocrx_word' id='word_1_214' title='bbox 1150 2007 1473 2062; x_wconf 71' lang='lat' dir='ltr'>deprehenditur3</span> 
     </span>
     <span class='ocr_line' id='line_1_29' title="bbox 182 2067 1470 2122; baseline 0.001 -11"><span class='ocrx_word' id='word_1_215' title='bbox 182 2072 295 2111; x_wconf 82' lang='lat' dir='ltr'>altera</span> <span class='ocrx_word' id='word_1_216' title='bbox 328 2069 366 2107; x_wconf 90' lang='lat' dir='ltr'>in</span> <span class='ocrx_word' id='word_1_217' title='bbox 397 2077 504 2107; x_wconf 88' lang='lat' dir='ltr'>motu</span> <span class='ocrx_word' id='word_1_218' title='bbox 536 2067 701 2108; x_wconf 82' lang='lat' dir='ltr'>circulari</span> <span class='ocrx_word' id='word_1_219' title='bbox 736 2069 786 2107; x_wconf 88' lang='lat' dir='ltr'>cst</span> <span class='ocrx_word' id='word_1_220' title='bbox 820 2069 934 2121; x_wconf 80' lang='lat' dir='ltr'>posita</span> <span class='ocrx_word' id='word_1_221' title='bbox 956 2099 968 2118; x_wconf 80' lang='lat'>,</span> <span class='ocrx_word' id='word_1_222' title='bbox 1001 2081 1092 2121; x_wconf 78' lang='lat' dir='ltr'>quae</span> <span class='ocrx_word' id='word_1_223' title='bbox 1122 2068 1238 2122; x_wconf 86' lang='lat' dir='ltr'>figura</span> <span class='ocrx_word' id='word_1_224' title='bbox 1269 2071 1316 2110; x_wconf 87' lang='lat' dir='ltr'>ad</span> <span class='ocrx_word' id='word_1_225' title='bbox 1348 2081 1470 2112; x_wconf 45' lang='lat' dir='ltr'>tauto*</span> 
     </span>
     <span class='ocr_line' id='line_1_30' title="bbox 182 2129 1470 2186; baseline -0.001 -11"><span class='ocrx_word' id='word_1_226' title='bbox 182 2133 441 2175; x_wconf 85' lang='lat' dir='ltr'>chronismum</span> <span class='ocrx_word' id='word_1_227' title='bbox 471 2129 531 2172; x_wconf 90' lang='lat' dir='ltr'>seu</span> <span class='ocrx_word' id='word_1_228' title='bbox 561 2132 753 2186; x_wconf 83' lang='lat' dir='ltr'>aequalem</span> <span class='ocrx_word' id='word_1_229' title='bbox 791 2131 1067 2173; x_wconf 86' lang='lat' dir='ltr'>oscillationum</span> <span class='ocrx_word' id='word_1_230' title='bbox 1119 2133 1349 2175; x_wconf 74' lang='lat' dir='ltr'>durationem</span> <span class='ocrx_word' id='word_1_231' title='bbox 1398 2135 1470 2174; x_wconf 65' lang='lat' dir='ltr'>mi‘</span> 
     </span>
    </p>
   </div>
   <div class='ocr_carea' id='block_1_8' title="bbox 1405 2209 1472 2237">
    <p class='ocr_par' dir='ltr' id='par_1_9' title="bbox 1405 2209 1472 2237">
     <span class='ocr_line' id='line_1_31' title="bbox 1405 2209 1472 2237; baseline 0.015 -1"><span class='ocrx_word' id='word_1_232' title='bbox 1405 2209 1472 2237; x_wconf 77' lang='lat' dir='ltr'>HUS</span> 
     </span>
    </p>
   </div>
  </div>
 </body>
</html>
