2052 2668
373 160 380 165 ’
431 190 744 238 nonomen
782 190 1016 250 MARINJ.
1332 201 1414 247 385

130 309 220 357 dum
259 308 296 347 in
328 304 396 348 11‘10
421 306 578 347 Nouor-
601 302 874 366 Commentar.
925 301 1041 346 Tomo
1069 303 1146 345 iam
1177 301 1334 344 indicaui
1365 319 1422 345 ar-

132 371 288 410 tificium
327 356 517 423 aliquod,
542 380 618 421 quo
658 369 846 418 adhibito,
874 364 1106 420 horologia,
1144 367 1318 408 elatcrem
1352 381 1422 427 fro

133 434 174 472 vi
209 433 369 472 motrice
398 427 605 481 habentiassi
638 440 791 482 motum
823 429 929 471 suum
959 429 1034 471 sub
1049 429 1254 472 intensione
1286 429 1426 470 elateris

130 495 373 535 nihilomiuus
403 495 616 535 continuare
645 494 803 546 poffu‘ut.

248 559 282 606 §.
316 561 356 596 6.
390 555 572 596 Ceterum
606 568 730 611 partes
767 557 956 614 horologii
988 556 1123 598 marini
1152 558 1324 598 maxima
1340 570 1428 598 cum

130 633 218 660 cura
248 621 383 660 debent
421 620 488 659 effe
528 620 748 659 elaboratae.
785 619 911 659 Emer
955 633 1007 659 ex
1032 621 1187 672 optimo
1205 620 1362 672 chalybe
1383 620 1428 668 sit

94 706 100 710 -
131 683 367 734 fibi-effictus,
404 683 556 736 prouide
578 691 818 754 temperatus
824 691 864 721 et
900 681 1072 735 plurimis
1106 684 1429 724 conuolutionibus

133 747 337 786 adornatus.
369 742 536 785 Cochlea
554 730 774 784 cur-itiffime
791 755 878 784 cum
896 744 1030 783 elatere
1049 744 1091 784 fit
1108 745 1370 797 aequilibrata,
1390 755 1428 785 et

133 818 237 848 rotie
257 821 345 847 cum
362 808 495 848 axibus
512 817 548 854 et
566 808 699 847 rotulis
717 819 767 846 ex
784 806 1088 859 compaffiffimo
1121 808 1276 852 metallo
1312 808 1427 860 per-fe

135 870 322 925 (infime,
341 869 553 952 politiffime
601 878 638 908 et
677 880 749 921 pro
780 869 1038 921 mignitudine
1068 871 1191 922 operis
1208 865 1429 910 subtiliffim'e

135 932 203 974 sint
221 932 418 981 elimatae,
437 931 474 969 id
505 924 604 983 quod
634 932 830 983 praecipue
859 931 951 970 circa
982 931 1112 971 dentes
1140 941 1244 972 rotae
1272 933 1431 972 vltimae

126 987 312 1053 ⁴ferratae
340 992 605 1040 obstauandum
638 993 701 1032 est.
766 992 971 1032 Libratoris
1007 994 1186 1045 brachia,
1227 996 1264 1034 in
1305 1005 1431 1036 extre-

134 1052 328 1097 mitatibus
365 1042 537 1107 pondera'
566 1053 795 1094 lenticularia
826 1057 1022 1107 gerentia,
1070 1065 1192 1096 tantae
1230 1058 1432 1110 longitudi—

135 1119 190 1166 nis
218 1111 494 1169 conficiantur,
534 1127 715 1171 quantam
758 1117 1051 1158 circumstantiae
1090 1120 1348 1173 permittunt·⁷
1387 1130 1432 1160 vt

135 1170 230 1221 ad‘eo
263 1180 480 1220 moderator
511 1193 578 1233 per
607 1189 748 1221 tantum
782 1191 1025 1220 momentum
1057 1182 1176 1234 magis
1214 1182 1337 1222 valeat
1384 1184 1433 1222 ir-

135 1243 382 1296 regularitates
411 1253 585 1283 rotirum
607 1242 835 1283 ineuitabiles
851 1255 1036 1283 coercere.
1102 1234 1249 1285 Diuisio
1268 1254 1432 1285 rotarum

136 1309 186 1347 ita
217 1307 260 1348 sit
290 1305 382 1345 fidia
405 1337 415 1356 ‚
449 1315 522 1357 vt,
553 1315 636 1346 rota
678 1307 848 1346 maxima
868 1305 983 1360 semel
1001 1306 1267 1359 εἰτειιιῐιιιᾶιῃ
1299 1320 1436 1354 omnes

136 1379 242 1410 rotle
271 1359 449 1409 eumdem
481 1369 643 1422 positum
678 1370 814 1409 iterum
851 1369 1066 1421 obtineant,
1097 1383 1209 1424 quem
1242 1372 1436 1412 initioha—

135 1431 402 1482 buerunt3s1e
431 1433 525 1472 intra
555 1429 643 1474 illud
669 1434 824 1485 spanum
853 1445 986 1472 omnes
1017 1435 1225 1474 anomaliae
1274 1447 1324 1474 ex
1362 1436 1436 1474 im-

136 1494 366 1549 perfectione·
398 1504 562 1534 rotarum
596 1496 767 1535 oriundae
799 1495 911 1534 semel
942 1495 1140 1547 periodum
1181 1495 1277 1536 stiam
1311 1498 1432 1538 absol-

136 1568 243 1599 uunt.
323 1556 514 1597 Praeterea
546 1558 753 1598 anomaliae
803 1570 853 1596 ex
892 1557 1071 1597 cochleae
1119 1559 1438 1611 irregularitatibus

136 1620 313 1661 oriundae
359 1621 412 1671 ad·
437 1621 640 1673 pendulum
674 1620 962 1671 astronomicum
1015 1622 1248 1661 obseruentur
1295 1632 1333 1661 et
1365 1636 1437 1662 no-

137 1693 271 1723 tentur.
336 1681 514 1734 Denique
547 1693 584 1722 et
607 1684 653 1739 'in
675 1684 815 1731 itinere
845 1682 1084 1735 horologium
1120 1684 1253 1736 saepius
1301 1687 1436 1736 poterit

139 1745 273 1796 cor¹igi
295 1776 304 1794 ‚
369 1756 456 1782 cum
492 1743 593 1783 locus
623 1745 774 1796 quidam
809 1746 978 1796 cognitae
1009 1744 1251 1799 longitudinis
1268 1759 1303 1784 m
1344 1760 1436 1787 con-

139 1807 307 1860 spetstum
342 1806 459 1845 venit.
527 1805 712 1846 Adhibito
744 1815 850 1861 tanto
897 1807 1014 1847 studio
1051 1817 1089 1848 et
1106 1808 1298 1848 obseruatis
1316 1811 1436 1851 modo

140 1870 245 1912 dietis
264 1867 413 1908 cautelis
434 1899 445 1919 ,
478 1869 622 1909 nullum
643 1870 694 1908 cst
712 1869 866 1909 dubium
895 1871 980 1923 quin
1000 1871 1071 1911 tale
1092 1870 1335 1924 horologium
1357 1871 1436 1916 sco·

139 1945 194 1987 po
208 1941 417 1975 ¹nautarum
449 1930 647 1973 satisfacere
676 1933 799 1986 potiit.

202 2184 240 2225 T
242 2196 322 2225 om.
343 2182 415 2225 111.
438 2184 545 2228 Nov.
565 2183 788 2227 Comment.
986 2185 1020 2228 C
1039 2200 1059 2228 c
1078 2201 1099 2229 c
1244 2186 1441 2235 OBSER-
