2052 2668
593 218 686 257 444
994 206 1223 258 -evz-ssass«
1261 219 1288 249 0
1321 209 1551 264 wssffitcss-

774 315 1242 363 OBSERVATIONES
1277 319 1726 366 ASTRON-ONHCAE

594 381 802 435 Eclipfium
838 383 1032 425 ffitellitum
1068 382 1166 424 Iouis
1205 387 1357 426 durante
1407 388 1655 440 expeditione
1704 383 1905 427 Kamtzat-

630 446 747 486 kieusi
780 448 821 486 in
853 447 1001 490 diuersis
1033 445 1201 497 Sybiriae
1220 450 1312 490 locis
1331 450 1477 491 habitae
1494 464 1514 491 ιι
1532 449 1687 491 Centur.
1713 448 1868 489 vicario

823 510 826 514 ’
897 511 1144 554 ANDREA
1176 513 1604 558 KRASILNIKOW.

590 602 679 662 Res
676 611 800 648 erente
849 620 898 648 ex
947 609 1123 651 mandato
1172 604 1418 661 Illustmffimi'
1443 611 1669 653 Academiae
1720 607 1905 666 Praefia'is

957 673 1141 716 Adiunc‘lo
1173 671 1295 718 NIC.
1329 671 1545 718 POPOW.

694 779 963 838 Notanda
1021 783 1169 840 circa
1224 781 1320 840 has
1373 782 1797 845 obseruationes.

699 903 1070 954 bscr1121tione5‚quae
1089 902 1304 955 sequuntur,
1332 912 1409 940 non
1438 901 1582 954 prorsus
1599 912 1732 940 omnes
1750 900 1905 941 exactae

731 965 840 1017 lunt,
873 964 917 1004 ad
949 976 1009 1005 eas
1042 979 1205 1019 namque
1239 964 1476 1006 instituendas
1506 964 1715 1005 obfemator
1741 965 1908 1018 aliquan-

588 1031 642 1070 do
676 1030 791 1069 vnico
826 1038 972 1068 tantum
1006 1029 1207 1082 horologio
1241 1031 1324 1068 vius
1342 1027 1393 1068 est
1411 1062 1422 1080 ‚
1456 1030 1557 1083 quod
1586 1041 1661 1068 non
1681 1040 1765 1068 raro
1791 1026 1904 1068 ceffa-

591 1093 657 1132 bat
690 1094 730 1133 in
766 1104 876 1132 motu
911 1092 1006 1144 suo,
1041 1105 1090 1133 eo
1122 1092 1202 1146 ipio
1237 1102 1447 1145 tempore,
1482 1106 1555 1145 quo
1587 1102 1697 1132 motu
1731 1094 1805 1132 eius
1858 1090 1905 1131 ad

590 1165 742 1210 tempus
775 1168 910 1196 vetum
944 1155 1209 1197 obseruationis
1242 1156 1388 1195 habitae
1405 1155 1661 1196 definiendum
1681 1167 1775 1208 opus
1792 1164 1904 1207 erat3

589 1220 761 1270 accedit,
795 1220 895 1272 quod
938 1220 1134 1260 nebulosae
1178 1219 1418 1272 tempestates
1449 1232 1515 1273 per
1546 1220 1687 1271 aliquot
1729 1219 1806 1258 dics
1839 1219 1904 1258 du-

589 1294 712 1324 rantes
743 1283 1020 1323 obleruatorem
1055 1285 1102 1324 de
1137 1293 1247 1324 motu
1287 1283 1362 1322 eius
1404 1293 1547 1323 certum
1582 1282 1662 1321 fieri
1697 1293 1776 1321 non
1810 1281 1905 1322 sine-

590 1347 681 1387 bant
702 1380 712 1398 ,
744 1348 840 1386 adeo
870 1358 914 1386 vt
947 1357 1096 1402 tempus
1127 1359 1255 1387 verum
1291 1346 1590 1387 obseruationum
1635 1358 1673 1385 in
1706 1345 1777 1385 illis
1815 1345 1906 1386 cast—

590 1409 656 1451 bus
691 1410 900 1452 habitarum
936 1412 1003 1451 rite
1037 1411 1278 1452 determinari
1314 1423 1390 1451 non
1431 1410 1607 1464 potne'rit.
1653 1408 1798 1465 Quibus
1832 1409 1903 1447 ita-

589 1487 661 1527 que
706 1476 942 1527 temporibus
974 1474 1046 1515 hoc
1081 1475 1222 1515 filetum
1258 1474 1309 1514 est
1331 1507 1340 1525 ‚
1376 1476 1411 1513 in
1448 1473 1674 1526 sequentibus
1722 1471 1902 1512 indicatur

590 1537 754 1576 astvrisco
789 1535 819 1567 ’Κ
853 1539 889 1576 in
923 1539 1090 1590 margine
1132 1539 1268 1590 posito.
1336 1536 1579 1588 Posteaquam
1615 1544 1740 1574 autem
1774 1536 1811 1574 d.
1832 1535 1902 1575 ob-

585 1600 752 1638 seruator
770 1600 926 1639 alterum
949 1599 1191 1653 horologium
1212 1614 1232 1639 a
1260 1597 1319 1638 Cl.
1355 1598 1559 1638 Professore
1592 1598 1638 1637 dc
1675 1597 1713 1638 la
1750 1598 1905 1639 Kroerio

587 1662 651 1703 sibi
690 1663 868 1702 traditum
904 1663 1048 1714 accepit
1070 1696 1080 1712 ,
1111 1663 1158 1702 dc
1178 1673 1354 1714 tempore
1384 1674 1480 1702 vero
1497 1660 1800 1702 obseruationum
1829 1674 1850 1701 a
1870 1662 1904 1702 ii:

588 1725 800 1765 habitarum
823 1725 962 1765 certior
988 1723 1155 1777 (emper,
1176 1737 1290 1777 quam
1313 1724 1436 1776 prius,
1455 1727 1717 1776 comparando
1737 1723 1790 1763 sc:
1813 1737 1898 1765 mo·

596 1799 678 1828 tum
699 1801 834 1829 corum
870 1801 957 1828 cum
979 1798 1087 1828 motu
1107 1786 1203 1828 Solis
1224 1820 1234 1838 ,
1269 1786 1349 1827 ficri
1377 1790 1518 1840 potuit.
1561 1784 1763 1828 Caeterum
1785 1799 1804 1826 a
1830 1800 1900 1837 29.

590 1851 721 1893 Martii
757 1853 842 1892 anui
885 1855 1008 1899 1736.
1048 1854 1092 1892 nd
1134 1864 1250 1891 1mum
1286 1851 1393 1891 Febr.
1433 1862 1563 1900 1742.
1598 1852 1696 1891 idem
1739 1850 1824 1890 x'fus
1851 1852 1903 1893 cst

592 1917 628 1955 in
664 1916 977 1956 obseruauionibus
1011 1915 1076 1955 suis
1109 1917 1200 1955 tubo
1239 1928 1294 1964 14
1344 1915 1457 1967 pedes
1490 1915 1715 1966 Anglitnnos
1757 1916 1901 1967 longo,

591 1979 638 2018 ab
677 1980 738 2018 1110
771 1991 895 2018 autem
932 1990 1106 2031 tempore
1139 1980 1182 2018 :id
1218 1978 1333 2018 sincm
1377 1977 1485 2031 ilique
1533 1979 1784 2030 expeditionis
1833 1978 1902 2018 ob-

590 2040 743 2083 struztuit
776 2042 944 2083 (litt-nites
980 2043 1072 2085 tubo
1111 2054 1181 2093 15.
1217 2041 1330 2098 pedes
1360 2042 1492 2082 itidem
1521 2041 1752 2095 Anglicanos
1769 2041 1898 2095 longo.

1652 2207 1899 2253 ECLIPSES
