2052 2668
538 193 637 242 524
883 187 1120 241 wssiffile’ae-
1148 197 1181 227 0
1217 187 1447 241 ”501{}‘:02⁴·

946 295 1456 369 OBSERVATIO

545 384 783 430 ECLIPSIS
835 385 1035 428 LVNAE·
1088 380 1328 427 TOTALIS
1378 388 1414 427 d.
1466 398 1533 435 19.
1565 380 1710 426 IVNII
1742 384 1785 426 st.
1819 396 1858 424 n.

884 448 1270 500 1750.L1PSIAE
1302 448 1531 492 HABITA

1081 576 1135 620 G.
1164 578 1270 646 chin
1284 590 1332 620 ιο.

543 703 729 820 Initium
767 708 877 750 huius
909 707 1070 762 Eclipfis
1086 719 1138 749 ex
1168 708 1315 750 calculo
1348 710 1541 763 contigit,
1574 709 1660 751 luna
1690 709 1863 750 nondum

626 786 707 815 orta
790 774 899 814 Hinc
932 772 985 812 ob
1015 772 1163 813 caufiim
1203 782 1242 814 et
1274 786 1365 814 cum
1409 776 1526 814 nubes
1575 773 1750 828 copioliie
1820 773 1865 819 d-

546 839 716 895 spechlm
751 836 891 888 lunae,
925 835 1011 889 post
1049 845 1177 874 ortum
1211 837 1318 885 eius,
1353 836 1619 889 impedirent,
1651 786 1866 889 immet&-

545 916 638 945 nem
674 902 785 942 lunae
817 901 856 939 in
891 900 1070 939 vmbmm
1103 907 1223 938 terrae
1255 896 1453 938 οὺΓει-υιῐε
1488 908 1565 937 non
1598 897 1714 938 licuit.
1753 894 1867 940 Circa

548 967 635 1009 hor.
668 970 714 1013 93
748 964 909 1013 lunam,
941 961 980 1001 in
1012 960 1171 1001 nubium
1206 960 1310 1002 hiatu
1342 973 1409 1015 per
1438 961 1582 1015 aliquot
1609 972 1758 1016 tempus
1775 970 1867 1002 con-

546 1030 748 1084 spicuam,
783 1035 909 1066 totam
943 1023 1178 1095 deprehendi
1211 1026 1250 1065 in
1285 1025 1418 1067 vmbra
1471 1035 1620 1066 terr:·1e
1612 1057 1623 1077 ‚
1676 1036 1715 1066 et
1746 1025 1869 1067 verfiis

535 1095 634 1135 hor
676 1102 750 1130 ιο.
769 1121 782 1141 ,
816 1090 900 1130 luna
931 1089 1058 1130 denuo
1089 1088 1127 1128 in
1159 1088 1403 1143 conspectum
1429 1090 1670 1143 prodeunte,
1690 1091 1868 1130 nucleum

547 1154 775 1198 vmbrosum
811 1152 953 1207 figurae
983 1152 1189 1206 irregularis
1222 1154 1261 1192 in
1294 1152 1396 1193 disco
1427 1154 1506 1193 eius
1534 1154 1788 1193 animaduerti
1821 1153 1869 1195 ab

549 1223 694 1262 oriente
724 1218 967 1259 occidentem
1001 1215 1126 1256 versus
1156 1215 1300 1257 discum
1335 1215 1488 1258 successu
1522 1216 1710 1270 temporis
1735 1228 1870 1271 perua-

549 1295 705 1340 gantem
726 1314 737 1335 ,
770 1282 821 1322 ita
853 1280 1036 1335 quidem,
1070 1288 1113 1322 vt
1144 1289 1270 1335 quarta
1303 1281 1450 1322 circiter
1488 1293 1573 1335 pars
1612 1279 1699 1321 'disci
1750 1282 1870 1322 meri-

541 1350 654 1390 ·diem
690 1343 812 1387 versus
845 1343 937 1401 (fitu-
966 1342 1122 1401 erecto)
1157 1344 1294 1385 nucleo
1343 1345 1460 1387 libem
1509 1355 1549 1385 et
1598 1356 1688 1400 prae
1732 1345 1871 1400 reliqua

540 1412 637 1454 disci
669 1421 773 1465 parte
805 1409 916 1450 valde
948 1408 1070 1454 lucida
1103 1419 1330 1450 cerneretur.
1395 1409 1501 1450 Luna
1533 1409 1667 1450 deinde
1695 1406 1768 1461 per
1806 1409 1870 1448 vi-

549 1489 614 1516 ces
647 1475 749 1516 subiit
782 1473 925 1524 nubes,
957 1472 1087 1526 quibus
1117 1473 1271 1515 tandem
1305 1474 1390 1514 lior.
1435 1486 1504 1512 ιο.
1532 1473 1635 1523 '354
1690 1469 1870 1525 tempore

550 1552 646 1579 vcro
680 1539 829 1578 liberata
863 1535 1068 1589 patefecit,
1109 1535 1366 1576 emersionem
1410 1537 1576 1589 primam
1630 1546 1682 1574 ex
1733 1536 1871 1577 vmbra

549 1614 672 1643 terrae
705 1602 780 1640 iam
812 1599 951 1639 sustam
988 1597 1061 1638 effe
1082 1631 1093 1650 ,
1125 1608 1212 1639 ante
1245 1598 1319 1638 duo
1353 1599 1495 1639 circiter
1548 1599 1694 1639 minuta
1746 1601 1870 1652 prima

551 1665 753 1719 temporis.
817 1660 983 1703 Coelum
1019 1662 1148 1715 postea
1183 1661 1348 1702 screnum
1387 1663 1631 1703 obseruationi
1672 1675 1788 1716 vsquc
1823 1663 1871 1703 ad

554 1729 673 1771 finem
718 1726 876 1779 Eclipsis
906 1725 1008 1764 fiiuit.
1077 1725 1280 1766 lnstmctus
1315 1726 1438 1776 itaque
1473 1724 1699 1778 Telcscopio
1732 1725 1868 1779 Grego-

551 1795 660 1835 riano
693 1790 755 1831 sub
786 1798 970 1843 apparatu
989 1821 999 1840 ,
1030 1800 1105 1843 quo
1139 1788 1232 1829 istud
1270 1788 1420 1828 obieeta
1444 1798 1513 1838 52.
1545 1788 1686 1828 vicibus
1705 1790 1869 1843 amplifi-

549 1869 643 1909 cat,
679 1854 911 1895 macularum
947 1851 1054 1893 lunae
1089 1852 1315 1893 emersiones
1345 1864 1393 1892 ex
1428 1852 1565 1892 vmbra
1607 1862 1725 1892 terrae
1770 1854 1874 1908 opti-

553 1935 619 1963 me
652 1917 844 1959 obseruare
879 1927 916 1957 et
949 1918 1154 1957 terminum
1189 1916 1348 1957 vmbrae
1381 1915 1501 1970 probe
1541 1915 1764 1970 distinguere
1805 1930 1875 1972 po-

557 1987 641 2036 tui,
677 1984 727 2022 ita
760 1992 802 2021 vt
835 1981 880 2021 de
915 1981 1123 2021 momentis
1154 1979 1373 2034 appulsuum
1424 1979 1582 2020 vmbrae
1624 1981 1669 2020 ad
1711 1982 1875 2022 maculas

554 2047 768 2091 admodum
803 2054 924 2086 certus
957 2044 1060 2094 sim,
1096 2045 1281 2098 ambiguo
1313 2044 1339 2086 si
1373 2044 1458 2097 quid
1494 2043 1697 2095 acciderit,
1731 2046 1807 2086 xix.
1827 2038 1873 2087 {td

562 2125 600 2161 5.
636 2111 790 2151 {ecunda
827 2109 1011 2160 temporis
1043 2107 1290 2160 astcndentc3
1327 2107 1363 2148 id
1396 2108 1498 2160 quod
1533 2108 1569 2147 in
1603 2109 1786 2149 eiusmodi
1807 2112 1879 2149 ob-

559 2173 823 2218 seruationibus
855 2185 939 2213 ram
969 2173 1189 2227 contingere
1229 2172 1334 2214 [olet.
1400 2171 1609 2213 Momenta
1659 2173 1876 2229 appulliium

1823 2235 1872 2277 ad
