2052 2668
334 204 807 259 ASTRONOMICAE
837 207 1200 254 SIBIRIENSES.
1356 220 1446 260 457

148 321 218 365 St:
255 328 374 367 veteri
460 332 635 376 tempore
667 334 760 362 vero

146 388 274 437 Anno,
286 389 427 432 Mense,
457 386 528 437 die,
542 385 626 426 hor.
647 386 903 426 minaminff.

150 521 280 564 1742.
321 514 415 557 Dec·
483 514 624 564 9‚18
683 514 740 551 26
796 522 846 549 11

456 960 503 987 11
530 960 615 1000 ,12
672 957 731 1000 54
779 951 838 1000 46

454 1330 609 1378 16,11
671 1335 724 1366 10
778 1333 832 1376 53

467 1821 476 1830 ’
547 1838 603 1869 20
664 1836 716 1877 17
771 1838 826 1878 23

447 2085 613 2133 ¹8214
661 2091 722 2130 44
775 2089 832 2129 59

927 449 1090 491 cillando
1128 447 1377 502 impediebat.

927 512 1122 553 Immerfio
1158 514 1244 553 nni.

926 574 1089 616 Coelum
1125 575 1291 616 tenuibus
1326 575 1435 615 nubi-

926 640 991 679 bus
1024 639 1112 678 hinc
1148 638 1235 678 inde
1261 647 1298 676 et
1319 637 1356 676 in
1376 638 1434 676 lo-

923 713 971 740 co
987 702 1100 740 etiam
1139 701 1170 744 λ’
1200 699 1433 752 conspersum

923 773 1025 813 erat,
1080 774 1193 814 quare
1226 761 1433 802 obseruatio

922 823 1013 864 haec
1051 824 1147 863 intra
1197 824 1339 877 aliquot
1377 826 1431 864 se·-

921 887 1039 926 cunda
1073 886 1182 926 dubia
1215 886 1282 926 est.

919 947 1120 988 Immerfio
1157 950 1245 989 1mi.

918 1010 1061 1063 Iupiter
1116 1011 1167 1050 ob
1213 1022 1372 1064 vapores
1406 1023 1428 1052 a

918 1074 1015 1112 mari
1051 1072 1279 1113 ascendentes
1327 1073 1427 1120 male

917 1135 1133 1175 terminatus
1196 1136 1426 1189 apparebat,

915 1210 1024 1251 quare
1073 1197 1279 1237 obseruatio
1336 1197 1428 1238 haec

915 1260 1174 1314 aliquantisper
1209 1260 1320 1300 dubia
1359 1259 1422 1300 est.

914 1323 1087 1364 Emerfio
1122 1324 1195 1372 μὶ.

913 1384 1034 1426 Coelo
1065 1386 1218 1438 quidem
1267 1385 1424 1438 sereno,

911 1448 969 1489 sed
1003 1449 1145 1501 Iupiter
1162 1460 1296 1502 parum
1320 1450 1423 1501 supra

912 1511 1156 1552 horizontem
1188 1520 1267 1551 erat
1298 1511 1421 1551 eleua-

912 1582 968 1614 tus
986 1606 996 1624 ,
1027 1583 1065 1613 et
1083 1573 1132 1613 ob
1151 1585 1310 1626 vapores
1335 1585 1421 1613 ma-

909 1637 945 1676 ie
964 1636 1176 1676 terminatus
1193 1636 1394 1688 apparebat
1410 1665 1421 1683 ‚

913 1710 1025 1751 quare
1072 1697 1279 1738 obseruatio
1327 1697 1421 1738 haec

911 1761 1020 1801 dubia
1051 1760 1117 1800 est.

909 1824 1111 1865 Immerfio
1153 1824 1239 1864 nni.

910 1888 1018 1928 Hanc
1066 1886 1365 1927 obseruationem

908 1951 1082 2004 splendor
1115 1949 1312 2004 crepusculi
1337 1949 1416 1989 im-

907 2015 1095 2067 pediebat.

912 2077 1111 2118 Immerfio
1149 2077 1239 2117 1mi.

913 2140 1049 2193 Iupiter
1081 2153 1102 2179 a
1134 2137 1333 2191 vaporibus
1350 2148 1417 2192 cof

912 2205 1044 2244 loratus
1076 2202 1289 2255 apparebat.

445 2271 607 2319 23,16
662 2276 715 2316 35
777 2277 831 2317 27
914 2266 1110 2306 immersio
1148 2268 1235 2307 nni.

195 2334 318 2378 Tom.
339 2331 415 2375 111.
457 2331 566 2375 Nov.
592 2329 817 2376 Comment.

967 2330 1015 2372 Μ
1033 2342 1074 2371 m
1091 2341 1133 2370 m
1288 2325 1416 2368 Coelo
