2052 2668
422 184 495 227 AC
525 181 893 228 MtcRoscoPn
927 183 1171 229 SOLARrS.
1325 223 1327 225 ,
1389 185 1471 238 36⁵

191 295 291 336 uersis
321 295 504 336 coloribus
535 295 807 348 inquinabunt,
839 297 941 349 quod
973 294 1259 335 incommodum
1296 294 1482 347 imprimis

188 358 224 396 in
260 357 512 410 Microscopio
552 357 659 403 solari
706 359 1036 409 animaduertitur,
1089 369 1154 409 per
1187 356 1288 410 quod
1322 357 1481 409 singulae

188 420 326 459 obiecti
377 431 496 472 partes
542 419 723 459 coloribus
752 422 848 460 iridis
881 419 1114 460 circumfusae
1147 428 1358 472 apparent,
1401 422 1479 472 qui-

188 481 252 520 bus
285 482 535 521 incommodis
566 480 722 523 efficitur
742 514 753 533 ,
786 493 829 522 vt
862 484 900 522 in
933 482 1058 534 effigie
1091 494 1158 534 per
1191 481 1480 534 Microscopium

190 543 306 583 solare
334 542 594 595 repmefientata
628 545 719 583 nihil
752 544 826 584 fere
857 544 1026 584 distinete
1058 543 1209 596 speetari
1243 552 1363 596 queat.
1415 546 1478 585 Ad

189 618 280 658 quae
311 605 468 656 ingentia
500 605 770 657 impedimenta
802 607 975 656 accedit,
1028 606 1127 658 quod
1164 606 1275 657 vulgo
1307 618 1385 644 non
1420 605 1479 647 so-

189 668 267 706 lum
300 666 596 706 lentibusnimis
629 680 761 719 magna
795 676 965 719 apertura
1006 668 1204 717 tribuitur,
1253 666 1313 707 sed
1361 666 1474 708 etiam

187 729 338 768 obiecto
370 729 482 768 nimis
513 741 648 780 magua
699 729 909 780 amplitudo
959 727 1175 780 relinquitur
1194 760 1204 778 ,
1257 731 1354 769 vnde
1385 732 1476 770 radii

175 790 230 832 ab
262 790 402 836 obieeti
428 790 730 835 ,extremitatibus
758 791 796 829 in
830 790 975 830 lentem
1026 790 1136 829 nimis
1186 789 1334 842 oblique
1385 785 1478 832 inci-

186 853 289 891 dunt.
354 850 452 889 Hinc
485 852 658 890 notabilis
687 851 852 890 confusio
882 863 947 903 per
985 859 1107 890 totam
1156 850 1323 903 effigiem
1375 852 1479 904 iilper

187 912 307 952 tabula
339 912 546 964 expressam
579 911 742 951 inlicitur
762 943 772 963 ,
803 911 890 952 hinc
923 923 1019 951 vero
1046 921 1165 964 partes
1193 912 1330 964 effigiei
1349 924 1477 955 extre·

189 987 274 1014 mae
293 973 534 1012 vehementer
552 972 818 1020 confilndantur
835 1005 846 1024 ‚
879 983 924 1014 vt
941 973 1045 1026 saepe
1073 975 1141 1013 vix
1160 973 1304 1026 agnosci
1327 987 1474 1027 queant.

299 1035 332 1082 ξ.
368 1047 410 1082 4.
442 1035 532 1088 Quo
563 1033 700 1073 facilius
728 1034 882 1087 intelligi
933 1035 1041 1088 poffit
1061 1066 1071 1085 ‚
1120 1037 1248 1088 quibus
1300 1041 1476 1079 remediis

180 1095 275 1136 haec
306 1096 554 1146 incommoda
586 1094 668 1135 tolli
700 1104 834 1149 queant
854 1128 866 1146 ,
900 1097 1116 1148 videamus,
1151 1098 1368 1148 quibusnam
1412 1114 1470 1141 re-

183 1158 249 1199 bus
279 1170 372 1210 opus
403 1157 444 1197 fit
460 1159 525 1208 *aa
553 1157 690 1198 claram
722 1168 761 1198 et
791 1157 1000 1198 distinctam
1036 1159 1190 1198 cuiusuis
1238 1154 1376 1200 obieffi
1414 1175 1473 1202 re-

181 1219 515 1274 praesentationem
547 1219 797 1260 efficiendam.
861 1218 916 1260 Sit
947 1222 1059 1273 igitur
1088 1217 1212 1260 FEG
1253 1222 1439 1264 obiectum
1460 1257 1472 1276 ,

174 1284 282 1322 cuius
313 1284 444 1334 imago
477 1295 544 1335 per
573 1281 713 1322 lentem
746 1294 959 1323 conuexam
992 1282 1097 1323 MM
1129 1285 1238 1335 super
1255 1284 1370 1324 tabula
1391 1286 1471 1327 alba

181 1345 266 1384 TV
299 1344 464 1384 distincte
496 1344 665 1384 exhiberi
697 1345 829 1385 debeat
847 1376 858 1396 ‚
892 1356 985 1399 quae
1019 1357 1107 1384 cum
1141 1345 1209 1385 situ
1240 1345 1384 1386 inuerso
1403 1361 1471 1401 ap-

178 1416 332 1459 pareat,
364 1405 408 1455 sit
427 1407 490 1461 fe
498 1419 540 1460 g.
602 1406 808 1448 obiectum
842 1407 905 1448 hic
953 1403 1077 1448 FEG
1126 1417 1300 1461 tanquam
1353 1409 1471 1464 spatio

177 1468 341 1508 circulari
373 1469 613 1509 terminatum
646 1468 838 1509 confidero
857 1501 868 1519 ,
899 1470 1000 1510 cuius
1017 1471 1195 1509 diameter
1214 1471 1255 1510 fit
1287 1468 1365 1511 FG
1384 1504 1395 1524 ,
1429 1484 1468 1513 et

179 1539 351 1570 centrum
384 1530 422 1569 E
441 1562 452 1581 ,
480 1543 556 1584 quo
588 1530 722 1570 melius
753 1531 830 1570 eius
846 1531 1061 1584 quantitatis
1077 1531 1173 1570 ratio
1191 1531 1316 1571 haberi
1336 1534 1468 1586 possit,

176 1591 228 1633 ita
260 1602 302 1632 vt
334 1592 372 1631 in
405 1593 527 1634 tabula
557 1592 640 1632 TV
674 1593 798 1633 maior
843 1594 973 1646 imago
1013 1605 1088 1633 non
1129 1593 1171 1632 fit
1202 1594 1469 1646 repraesentan-

175 1655 223 1696 da
243 1686 254 1706 ,
286 1667 398 1707 quam
429 1668 526 1707 quae
557 1655 604 1694 ab
635 1655 706 1695 isto
728 1655 876 1695 ¹circulo
909 1652 1031 1696 FEG
1071 1655 1299 1707 producitur.
1380 1657 1463 1700 Iam

175 1717 221 1755 de
252 1716 388 1754 obiesti
418 1716 524 1754 huius
555 1716 693 1755 ratione
723 1715 905 1768 sequentia
936 1716 1015 1761 sunt
1049 1717 1233 1756 tenenda:
1264 1719 1392 1770 prImo
1419 1731 1464 1760 vt

176 1786 296 1817 totum
330 1789 462 1830 corpus
490 1776 621 1817 habeat
653 1775 880 1830 superficiem
900 1809 912 1829 ,
945 1790 1037 1832 quae
1072 1778 1221 1830 quidem
1247 1777 1335 1820 lenti
1355 1781 1460 1824 MM

174 1839 377 1880 obuertitur
395 1871 406 1890 ‚
437 1840 613 1892 proxime
644 1839 792 1892 planam
811 1872 822 1891 ,
855 1839 912 1880 seu
930 1872 941 1892 ‚
972 1850 1016 1881 vt
1031 1852 1143 1892 quam
1176 1841 1345 1883 minimis
1362 1838 1460 1885 emi-

174 1902 308 1941 nentiis
337 1911 374 1941 et
403 1903 616 1942 cauitatibus
645 1902 688 1942 sit
719 1903 946 1954 praeditum.
1029 1901 1181 1942 Deinde
1221 1914 1348 1945 autem
1383 1907 1458 1947 im-

173 1965 304 2016 primis
322 1965 514 2020 requiritur
526 1992 544 2017 s,
572 1974 615 2009 vt
633 1964 695 2005 ista
712 1965 855 2005 obiecti
874 1964 1079 2019 superficies
1099 1997 1110 2016 ,
1128 1966 1230 2022 vnde
1248 1967 1325 2008 lens
1344 1967 1389 2009 M
1409 1969 1457 2010 M

170 2027 290 2066 radios
320 2021 456 2080 accepit
474 2059 485 2079 ‚
536 2041 646 2082 quam
681 2028 852 2068 maxime
888 2028 932 2068 sit
963 2027 1160 2084 illuminata
1178 2059 1189 2077 ,
1240 2042 1333 2082 quae
1373 2031 1456 2071 illu·

173 2089 330 2131 minatio
360 2089 512 2132 obiefto
538 2092 615 2141 vel¹
634 2090 742 2142 radiis
773 2090 852 2130 solis
869 2122 881 2141 ‚
904 2090 969 2130 vel
1000 2102 1074 2148 ope
1105 2088 1322 2144 lampadum
1365 2105 1455 2144 cpon-

712 2148 752 2194 Z
784 2164 807 2192 z
841 2166 864 2202 3
1340 2155 1450 2197 ciliari

1528 1120 1579 1158 Fig
1601 1132 1641 1155 ,2‚
