2052 2668
411 198 1132 248 ANATOMlco-PRACTICAE.
1365 213 1453 252 397

164 316 350 357 decimam
382 325 469 357 ante
508 314 708 355 meridiem
731 344 742 364 ,
794 313 992 373 inopinato
1043 312 1197 353 cadebat
1247 311 1451 352 adtonitus.

163 376 276 419 Certe
297 411 308 428 ,
342 378 431 418 hora
465 378 572 418 tertia
605 377 687 429 post
720 377 918 416 meridiem
940 407 950 426 ‚
1001 374 1125 428 Ipsum
1177 375 1297 414 inueni
1343 383 1452 413 motu

160 441 330 494 sensuque
356 442 462 480 omni
496 440 607 493 plane
642 438 865 479 destitutum.
933 439 1055 491 Atque
1074 437 1259 477 eiusmodi
1287 434 1453 476 miseram

159 504 277 542 vitam
312 505 408 542 vixit
438 515 549 555 vsque
582 503 628 542 ad
662 501 875 554 supremam
907 501 984 554 Ipsi
1035 500 1196 552 horam,
1248 511 1339 551 quac
1389 497 1455 537 fuit

163 565 274 604 nocte
307 566 402 604 inter
432 565 532 604 diem
565 565 755 605 decimam
789 574 827 604 et
857 565 1096 604 vndecimam
1133 563 1227 602 illius
1270 560 1420 600 mensis.

275 627 380 681 Quae
412 625 626 679 sequuntur,
658 627 739 667 sunt
758 627 956 680 praecipua
990 638 1039 665 ex
1057 626 1128 675 eis,
1162 636 1252 678 quae
1279 625 1318 663 iu
1339 622 1452 676 Ipsius

153 689 337 752 ¹cadauere
376 687 592 730 obseruaui:

652 780 718 838 In
758 778 959 857 Capite.

222 917 225 920 ν
275 893 432 937 Suturae
460 894 628 947 sagittalis
648 925 661 944 ‚
692 904 736 934 vt
767 903 807 934 et
836 893 1020 934 coronalis
1039 924 1049 943 ,
1081 893 1151 933 vix
1182 892 1351 947 vestigia.

275 958 383 999 Dura
413 967 545 1000 mater,
566 956 788 999 ‚validiffime
820 956 980 996 adhaesit
1012 956 1156 994 crani02

273 1019 381 1059 quta
412 1019 685 1070 longitudinem
718 1019 1020 1058 adcumbeutium
1056 1018 1119 1057 fibi
1158 1017 1461 1071 hemisphaerio-

152 1093 243 1132 rum
263 1081 418 1134 :cerebri
439 1113 448 1131 ‚
483 1082 578 1120 inter
596 1081 713 1133 ,piam
745 1090 784 1120 et
801 1079 1068 1121 arachnoidem
1089 1111 1100 1130 ‚
1133 1082 1424 1120 materiaalbida
1444 1113 1456 1132 ‚

161 1143 337 1196 gelatinae
370 1155 448 1184 non
481 1144 576 1183 adeo
608 1142 789 1184 diffimilis
821 1141 1049 1194 deprehensa
1083 1141 1136 1181 est
1155 1175 1168 1194 ,
1212 1155 1303 1196 quae
1335 1141 1457 1196 pressu

158 1205 277 1246 serum
310 1205 414 1245 fiidit.

274 1268 446 1309 Arteriae
478 1267 562 1320 piae
610 1268 765 1318 matris,
800 1276 842 1306 vt
873 1275 911 1306 et
942 1278 982 1306 ea
1001 1298 1011 1317 ,
1044 1277 1137 1319 quae
1169 1265 1230 1306 sub
1279 1268 1456 1319 protube—

160 1331 277 1370 tantia
310 1330 472 1370 annulati
503 1329 662 1383 fimplex
694 1330 895 1382 procedit,
930 1338 969 1368 et
1004 1328 1075 1368 hac
1109 1329 1180 1381 ipssi
1214 1328 1258 1367 ab
1291 1329 1382 1368 illius
1399 1343 1457 1369 ra-

159 1394 231 1431 mis
261 1394 407 1445 integre
440 1393 620 1443 rubente,
651 1391 905 1445 repletiffimae
924 1392 1067 1432 suerum
1085 1391 1267 1443 sauguine.
1305 1390 1378 1431 Sed
1411 1393 1453 1432 fi-

158 1466 225 1494 nus
242 1487 253 1505 ,
286 1455 558 1506 longitudinalis
585 1455 746 1507 superior
766 1488 776 1506 ‚
801 1464 877 1494 -nec
899 1467 973 1493 non
1008 1454 1175 1493 laterales
1191 1485 1202 1503 ,
1234 1451 1309 1492 fere
1327 1457 1456 1494 omui-

153 1528 209 1558 no
229 1515 407 1570 collapsi.
469 1517 533 1556 Ad
564 1516 692 1556 lobum
729 1518 894 1557 medium
930 1517 1110 1557 sinistrum
1163 1517 1336 1566 cerebri,
1386 1517 1452 1556 vbi

160 1589 314 1631 quatuor
343 1589 426 1619 ante
460 1589 628 1619 mortem
663 1578 762 1618 horis
793 1591 947 1618 manum
979 1578 1112 1631 sponte
1147 1586 1296 1618 motam
1348 1579 1455 1618 vide-

158 1652 240 1680 rant
271 1643 447 1682 adstantes
466 1675 476 1689 ‚
510 1642 637 1681 omnia
670 1641 840 1693 fimguine
874 1640 1011 1692 perfusa
1031 1672 1041 1689 ‚
1074 1649 1111 1678 et
1134 1651 1318 1692 corrupta.
1355 1639 1456 1680 Cor-

157 1711 226 1742 tex
261 1704 310 1742 ibi
342 1713 441 1742 totus
472 1703 605 1740 ruber:
649 1712 756 1754 atque
804 1703 965 1741 medulla
1016 1702 1104 1741 hinc
1155 1702 1241 1740 inde
1291 1701 1454 1753 pluribus

157 1764 306 1818 punc‘tis
337 1763 451 1802 rubris
490 1763 726 1803 interstincta.
803 1763 976 1804 Rubebat
1029 1763 1197 1804 similiter
1247 1775 1377 1803 cortex
1412 1765 1451 1803 in

158 1827 273 1879 aliqua
305 1827 474 1878 portione
506 1826 585 1866 lobi
619 1826 823 1878 posterioris
860 1825 1023 1879 smistri3
1075 1837 1144 1864 nec
1179 1837 1258 1866 non
1289 1828 1326 1866 in
1360 1827 1451 1867 lobo

159 1890 344 1929 anteriore
375 1889 525 1927 dextro.

152 1951 157 1956 ’
254 1949 555 2002 'Hemisphaeriis
586 1951 723 1991 cerebri
753 1950 822 1989 vix
855 1951 901 1990 ab
934 1951 1094 1992 inuicem
1128 1951 1310 1991 reclinatis
1328 1982 1337 2000 ,
1365 1963 1450 1990 cor-

158 2027 225 2066 pus
256 2012 426 2052 callosum
461 2025 557 2052 mox
588 2014 907 2066 conspiciebatur,
938 2014 985 2052 ita
1006 2047 1015 2064 7
1047 2024 1087 2053 x‘t
1119 2016 1195 2053 eius
1213 2014 1367 2053 altitudo
1396 2013 1448 2051 io-

158 2078 227 2115 lito
261 2076 379 2113 maior
411 2077 610 2127 adpareret.
676 2077 740 2116 An
759 2076 830 2115 hoc
858 2077 903 2115 ab
921 2078 1058 2116 arteriis
1083 2077 1279 2127 subiectis,
1308 2075 1446 2128 fimgui-

157 2151 205 2178 ne
236 2136 390 2177 infinito
421 2137 680 2179 tumentibus?

715 2199 757 2241 D
787 2201 811 2240 d
843 2201 866 2240 d
902 2214 925 2251 3
1400 2199 1448 2240 In
