2052 2668
369 204 752 254 'ANATOMICO-
762 208 1093 254 PRACTICAE.
1348 226 1435 268 399

749 321 825 362 111.

261 414 491 460 Adolescens
526 426 595 455 20.
638 425 821 455 annorum
842 447 853 467 ,
896 415 1020 456 media
1066 415 1232 466 hieme,
1286 424 1437 470 portans

145 478 312 530 trabem,
344 478 545 532 prolabitur
577 477 617 516 in
650 477 807 530 glaciem
841 477 936 518 adeo
966 479 1196 519 infortunato
1216 512 1228 531 ,
1278 479 1438 520 vttfini⁶

143 541 258 582 strum
301 541 431 593 capitis
477 539 569 579 latus
601 552 622 578 a
654 540 757 579 trabe
807 549 1069 592 percuteretur.
1146 543 1283 582 Homo
1334 543 1437 582 illico

147 605 287 645 mentis
316 600 420 643 vsum
452 602 622 650 amittit,
656 602 825 654 sanguine
859 614 926 654 per
958 615 1000 642 os
1032 613 1070 642 et
1101 615 1230 643 aurem
1256 605 1436 645 sinistram

145 666 314 717 fluente,
346 676 432 706 cum
468 663 710 716 respiratione
742 661 916 714 oppreffa
949 673 988 703 et
1021 665 1204 716 strepente
1225 698 1235 716 ,
1270 675 1310 705 et
1346 661 1434 706 tuffe

142 719 376 778 vehementi.
439 724 486 766 In
518 725 621 764 vsum
653 724 822 764 adhibitis
856 735 974 764 venae
1004 725 1223 767 sectionibus
1239 740 1282 768 ac
1302 727 1434 780 clyste-

140 789 243 831 ribus
262 823 273 841 ,
305 799 343 830 et
375 789 464 830 dein
496 785 625 835 deraso
657 788 778 840 capite
798 816 809 835 ,
841 786 917 825 duo
948 787 1012 827 vel
1044 797 1118 828 tres
1152 797 1320 829 tumores
1369 792 1435 831 ad-

141 861 370 905 paruerunt,
411 861 589 902 quorum·
621 860 819 887 maxumus
857 845 959 899 supra
1008 850 1208 891 auriculam
1258 852 1435 892 finistram

140 914 207 953 sub
239 925 303 953 ora
335 911 508 951 inferiore
540 907 624 949 offis
651 910 799 949 verticis
829 908 984 950 sedebat.
1049 910 1124 951 Illo
1156 912 1283 953 sensim
1325 925 1434 966 aper-

141 984 211 1023 t0,
244 975 282 1014 in
315 974 388 1014 hoc
420 971 496 1011 oss‘e
528 970 687 1011 fractum
719 970 946 1023 spe&abat11r
965 1005 975 1024 ‚
1017 974 1064 1013 ad
1089 976 1254 1022 ,suturam
1293 975 1435 1028 sagitta-

137 1036 217 1076 lem
251 1033 384 1075 surfirm
414 1034 571 1074 tendens
591 1063 603 1083 ,
636 1044 705 1071 nec
735 1045 812 1072 non
846 1033 917 1072 alia
949 1033 1100 1075 fractura
1129 1035 1275 1089 obliqua
1313 1038 1436 1079 versus

138 1109 183 1137 os
228 1096 408 1150 occipitis.
483 1095 594 1137 Facta
627 1094 706 1134 sunt
750 1097 882 1134 omnia
901 1127 911 1146 ‚
961 1109 1055 1149 quae
1091 1097 1128 1137 in
1161 1099 1366 1139 vulneribus
1396 1110 1433 1140 et

137 1159 304 1200 fracturis
334 1160 467 1212 capitis
498 1152 665 1199 faciunda
696 1170 751 1197 ars
783 1155 897 1197 hodie
930 1158 1127 1212 praecipit.
1200 1159 1352 1213 Vesperi
1378 1163 1431 1201 in-

139 1221 315 1275 gruebant
347 1222 458 1275 aliqui
490 1229 611 1260 motus
643 1218 856 1259 conuulsiui.
921 1218 1097 1261 Postridie
1128 1223 1248 1263 adhuc
1287 1224 1434 1264 carebat

140 1284 282 1324 mentis
313 1283 375 1324 vsu
415 1283 552 1334 miser,
603 1283 663 1322 sed
712 1282 875 1322 ronchus
925 1283 1128 1337 stertorque
1178 1285 1402 1326 cessauerant
1421 1318 1432 1338 ,

140 1355 315 1386 manente
346 1346 464 1399 specie
495 1345 616 1386 somni
650 1343 836 1398 profundi.
920 1343 999 1386 Die
1046 1346 1207 1400 quinto,
1257 1349 1432 1389 incisione

136 1407 318 1461 producta
338 1441 349 1459 ‚
381 1408 612 1462 praegrandis
651 1405 806 1449 stadium
855 1409 1171 1461 conspiciebatur,
1220 1421 1308 1450 cum
1358 1411 1432 1452 ofle

137 1471 323 1523 temporis
353 1471 532 1523 angulum
570 1467 749 1510 efficiens.
814 1470 890 1510 Die
908 1470 1012 1510 sexto
1029 1503 1039 1520 ‚
1059 1469 1257 1512 fecundum
1279 1473 1432 1513 metho-

135 1531 226 1572 dum
260 1531 433 1585 Chirurgi
467 1530 611 1587 Belloste
629 1563 640 1582 ,
671 1531 858 1590 margines
889 1532 1092 1573 fractorum
1136 1533 1428 1586 perforabantur,

134 1592 237 1635 Dein
268 1594 413 1635 nullum
446 1606 558 1648 graue
589 1587 810 1647 symptoma
861 1594 991 1634 terruit
1010 1628 1020 1647 ,
1071 1606 1219 1648 praeter
1268 1598 1398 1638 russem
1418 1632 1429 1648 ,

134 1668 249 1710 vsque
283 1655 328 1697 ad
359 1657 461 1698 diem
495 1655 641 1696 sextum
676 1665 714 1696 et
746 1657 932 1697 decimum
952 1686 964 1706 ‚
1014 1668 1089 1709 quo
1124 1670 1172 1698 ex
1224 1658 1429 1711 improuiso

134 1717 235 1759 febre
264 1719 464 1770 corripitur
495 1725 596 1756 tanta
615 1748 626 1766 ‚
660 1726 702 1756 vt
733 1728 754 1757 a
772 1717 908 1770 frigore
927 1749 937 1768 ‚
970 1717 1134 1759 calorem
1154 1722 1396 1772 praecedente
1415 1755 1428 1774 ,

134 1788 390 1820 concuteretur
422 1791 541 1832 aeger.
607 1779 735 1818 Rediit
768 1779 901 1819 eadem
934 1779 1042 1819 febris
1060 1812 1071 1832 ‚
1105 1782 1239 1821 eodem
1278 1792 1425 1837 tempo-

135 1855 176 1882 re
199 1872 211 1893 ,
243 1843 304 1882 die
335 1841 513 1894 sequente.
579 1840 657 1881 Die
694 1847 789 1884 18⁶⁰
824 1844 953 1882 omnia
985 1843 1023 1881 in
1061 1843 1220 1884 deterius
1244 1846 1427 1899 ruebant,

134 1904 209 1955 sic,
240 1913 286 1943 vt
314 1904 420 1944 miier
452 1904 512 1944 die
544 1916 644 1942 nona
677 1915 715 1944 et
749 1905 895 1944 decima
914 1936 925 1956 ‚
966 1905 1179 1953 conminus,
1221 1919 1262 1947 ac
1295 1909 1427 1962 fingul-

134 1967 228 2007 tiens
246 1998 257 2018 ‚
288 1967 370 2019 post
400 1967 601 2007 meridiem
636 1966 769 2007 obiret.

247 2061 424 2102 Enormis
456 2061 643 2114 stadum,
684 2061 723 2101 in
757 2062 884 2102 cranio
924 2062 1008 2116 post
1056 2062 1205 2104 obit'um
1256 2065 1355 2115 viia,
1387 2077 1425 2107 et

133 2124 267 2180 duabus
297 2123 441 2177 figuris,
481 2125 646 2179 expreffil
705 2126 925 2179 sequentem
957 2126 995 2166 in
1026 2126 1184 2168 modum
1219 2128 1252 2167 se
1273 2128 1424 2171 hahuit:

1375 2191 1420 2233 ln
