2052 2668
407 1522 476 1559 tir·
503 1528 528 1560 ς·

544 194 644 244 4³⁸
768 177 1270 236 OBSERVAHONVM
1302 186 1677 235 msn-:NSWM

553 317 628 359 que
660 304 906 359 apparitionis
939 302 1121 344 limitibus
1153 302 1263 344 nimis
1300 304 1410 346 arctis
1459 302 1734 358 circumscripta
1781 308 1864 346 non

556 368 610 410 est
631 400 642 419 ,
674 368 733 408 led
769 368 814 408 ad
854 378 925 414 ις.
958 367 1152 420 pluresque
1184 367 1263 407 dies
1293 369 1516 409 extenditur.
1582 368 1711 408 Aliam
1733 369 1867 421 igitur,

552 442 699 486 praeter
733 430 840 470 istam
877 429 1015 484 Halleji
1035 459 1049 480 ‚
1083 429 1339 472 conditionem
1358 463 1370 483 ,
1401 432 1598 473 attendere
1617 431 1759 470 necesse
1779 432 1863 472 erit.

552 493 702 537 Scilicet
734 492 827 534 situs
854 493 1010 533 Veneris
1042 492 1206 546 respectu
1237 493 1446 535 horizontis
1471 496 1508 535 in
1527 504 1751 548 computum
1771 506 1866 547 quo-

554 569 628 612 que
664 558 760 597 trahi
793 556 957 597 debebit.
1027 555 1215 597 Manente
1245 558 1352 597 enim
1377 557 1536 599 Veneris
1558 559 1730 610 fulgore,
1750 569 1866 612 quem

555 633 579 661 a
615 617 705 662 Sole
740 621 873 674 recipit
908 619 974 660 ista
994 651 1005 669 ,
1039 621 1178 660 eodem
1199 652 1211 671 ,
1240 620 1456 675 cmspectus
1504 621 1663 661 Veneris
1712 620 1868 661 interdiu

555 685 698 725 facilior
729 683 837 724 detur
870 679 1020 725 necesse
1050 683 1132 734 est,
1163 683 1190 724 fi
1220 683 1285 724 ista
1316 684 1502 738 insignem
1534 683 1642 738 super
1682 684 1871 724 horizon·

556 758 594 788 te
627 747 863 788 altitudinem
898 747 1034 787 habeat
1055 778 1066 797 ,
1099 745 1188 787 Sole
1222 747 1347 788 locum
1381 747 1652 801 depressiorem
1679 759 1871 800 occupan-

557 821 598 851 te
619 843 630 861 ,
663 823 707 850 ac
743 810 767 850 si
801 810 941 849 Veneri
977 808 1170 849 horizonti
1208 810 1379 848 viciniori
1416 811 1629 849 debilitatio
1679 810 1768 850 lucis
1819 823 1871 850 ex

557 874 693 914 maiori
726 885 913 926 vaporum
946 870 1250 922 Atmospliaerae
1283 870 1393 923 copia
1426 871 1581 910 accidat.
1665 870 1719 909 Vt
1761 871 1874 924 igitur

555 937 814 977 conditionem
847 934 942 972 hanc
981 931 1114 985 regulis
1163 932 1448 985 generalioribus
1499 933 1688 987 explicare
1739 933 1875 988 liccat,

556 998 747 1052 sequentes
780 994 1009 1050 hypotheses
1053 995 1294 1036 introducere
1344 998 1557 1036 conueniet.
1642 997 1842 1049 fingamus
1861 1031 1873 1050 ,

562 1062 762 1101 Venerem
784 1092 795 1111 ,
829 1060 975 1112 quippe
1008 1059 1055 1098 ab
1086 1059 1275 1112 Ecliptica
1311 1071 1388 1099 non
1422 1059 1585 1100 multum
1619 1071 1841 1112 euagantem
1861 1093 1873 1112 ,

559 1126 600 1166 in
635 1123 827 1177 Ecliptica
860 1121 1009 1175 semper
1042 1123 1250 1175 incedere;
1286 1131 1440 1175 tempus
1470 1133 1599 1163 autem
1619 1155 1631 1172 ‚
1683 1135 1759 1176 quo
1793 1124 1876 1164 Ve-

561 1201 628 1230 nus
661 1187 823 1228 interdiu
858 1186 963 1225 nudo
996 1186 1111 1225 oculo
1141 1182 1310 1239 conspici
1343 1185 1476 1226 debeat
1495 1218 1506 1238 ‚
1556 1185 1794 1239 restringatur
1827 1188 1875 1230 ad

562 1261 809 1293 momentum
844 1258 945 1288 ortus
977 1249 1039 1288 vel
1069 1250 1218 1290 occasus
1250 1247 1363 1289 Solis.
1429 1249 1500 1289 His
1531 1250 1661 1303 positis
1684 1251 1875 1291 conditio-

563 1327 628 1356 nes
657 1314 835 1368 assignare
865 1313 1046 1352 debemus
1065 1345 1076 1364 ,
1110 1312 1172 1353 sub
1202 1314 1334 1367 quibus
1367 1312 1494 1353 Venus
1513 1346 1524 1364 ,
1574 1313 1779 1354 accedente
1827 1315 1877 1357 ad

563 1378 645 1420 istas
676 1376 906 1432 hypotheses
940 1375 1086 1430 Halleji
1115 1377 1352 1427 conditione,
1385 1378 1605 1418 maximam
1640 1377 1743 1430 liiper
1775 1379 1882 1421 hori-

563 1453 679 1483 zonte
713 1442 952 1482 altitudinem
986 1441 1161 1494 acquirat.
1229 1440 1380 1482 Reserat
1414 1440 1449 1480 H
1472 1438 1562 1482 ΕΖ
1597 1442 1845 1481 meridianum
1866 1473 1879 1493 ‚

566 1502 605 1545 Z
658 1502 800 1546 Zenith
821 1536 831 1555 ,
867 1505 904 1544 H
927 1505 964 1544 A
984 1502 1011 1543 S
1047 1504 1285 1544 horizontem
1305 1534 1316 1552 ,
1353 1503 1388 1544 E
1407 1503 1443 1542 V
1462 1502 1488 1543 S
1523 1504 1752 1555 Eclipticiim
1772 1517 1820 1543 eo
1838 1505 1877 1544 in

567 1568 633 1608 situ
653 1600 664 1618 ,
698 1569 764 1620 qni
799 1579 867 1618 pro
901 1567 985 1606 data
1019 1567 1100 1618 poli
1134 1566 1343 1606 eleuatione
1375 1567 1500 1605 locum
1534 1565 1678 1616 habet,
1707 1565 1797 1606 Sole
1830 1568 1878 1608 ad

567 1630 593 1671 S
629 1631 667 1669 in
702 1629 905 1670 horizonte
940 1629 984 1668 ad
1018 1629 1149 1668 datum
1181 1629 1284 1668 diem
1318 1628 1531 1668 constituto.
1604 1629 1731 1669 Distet
1781 1643 1877 1671 nunc

570 1694 698 1732 Venus
731 1693 770 1731 in
807 1692 995 1743 Ecliptica
1027 1703 1047 1729 a
1081 1688 1171 1730 Sole
1199 1703 1283 1730 arcu
1319 1690 1397 1730 VS
1417 1705 1469 1730 z
1491 1703 1561 1739 40.
1599 1694 1702 1743 grad.
1731 1694 1766 1731 vi
1786 1707 1878 1733 con-

568 1756 723 1796 ditionis
762 1753 1018 1808 Hallrfjanae,
1051 1762 1090 1792 et
1122 1766 1192 1806 per
1220 1753 1348 1793 locum
1396 1753 1557 1793 Veneris
1591 1753 1626 1793 V
1661 1754 1795 1796 ductus
1838 1757 1882 1797 sit

570 1820 724 1861 circulus
765 1818 951 1858 verticalis
998 1814 1182 1871 ZVA3
1231 1816 1305 1857 erit
1337 1816 1374 1856 V
1396 1813 1438 1859 A'
1487 1817 1646 1857 altitudo
1694 1818 1883 1871 Veneris,

572 1895 666 1937 quac
717 1881 990 1935 hypothesibus
1040 1878 1145 1933 supra
1195 1880 1303 1921 distis
1342 1892 1381 1921 et
1420 1881 1625 1921 conditioni
1663 1882 1886 1936 Hallcy'anae
1945 1892 1952 1899 ’

574 1946 784 1999 respondet.
852 1944 956 1984 Haec
992 1945 1162 1984 maxima
1184 1977 1194 1994 ‚
1227 1954 1407 1985 manente
1440 1943 1519 1997 poli
1551 1945 1758 1986 eleuatione
1779 1977 1791 1994 .,
1827 1960 1886 1987 re-

576 2011 728 2062 quiritur
751 2041 761 2060 ,
796 2009 819 2048 si
850 2006 947 2047 casus
976 2009 1149 2047 maxime
1180 2008 1335 2047 idoneus
1370 2019 1441 2059 pro
1475 2009 1713 2060 apparitione
1758 2009 1882 2050 Vene-

579 2074 630 2113 ris
662 2073 818 2111 interdiu
853 2071 1011 2110 existere
1044 2070 1189 2110 debeat.
1226 2071 1292 2111 Est
1326 2082 1451 2109 autem
1489 2073 1525 2110 in
1558 2072 1744 2124 triangulo
1761 2071 1885 2114 SVA

579 2137 622 2175 ad
658 2138 693 2175 A
729 2133 944 2188 rcc‘tzingulo
999 2134 1064 2175 sin.
1112 2144 1180 2174 tot.
1208 2133 1303 2174 :sin.
1336 2132 1360 2172 S
1382 2134 1414 2172 V
1438 2147 1489 2174 :z
1511 2135 1573 2174 sin.
1613 2135 1648 2176 V
1668 2133 1694 2178 S
1715 2138 1747 2176 A
1776 2153 1783 2177 :
1815 2136 1883 2178 sin.

1754 2200 1883 2255 VA3
