2052 2668
594 228 685 282 373
752 227 1115 275 EMENDATIO
1146 226 1466 278 LATERNAE
1503 233 1778 279 MAGICAE

588 356 680 386 nem
735 345 876 386 minori
926 346 1051 387 tbi-ma
1105 345 1369 399 repraesentari
1390 380 1400 398 ‚
1433 359 1527 400 quae
1565 347 1723 388 eandem
1759 348 1898 390 lentem

586 407 806 450 adhibendo
838 420 916 450 non
934 409 1053 449 solum
1072 408 1206 449 clarior
1227 440 1237 460 ,
1270 408 1330 451 sed
1361 411 1478 452 etiam
1513 411 1719 452 distinctior
1748 414 1896 454 euadet.

707 482 743 531 9.
783 474 853 511 16.
884 471 1070 513 Ponamus
1105 483 1197 525 ergo
1230 484 1301 527 per
1316 475 1474 516 eandem
1494 475 1632 516 lentem
1670 474 1713 516 Μ
1737 474 1783 516 Μ
1803 508 1814 527 ,
1833 489 1901 516 cu·

586 535 642 576 ius
669 534 838 576 distantia
866 533 995 576 ibcalis
1058 547 1116 574 ·-··
1137 548 1164 586 9
1201 536 1288 591 ped.
1323 546 1364 578 et
1395 547 1588 592 aperturae
1625 537 1902 580 semidiameter
1971 543 1978 552 “

585 597 683 639 b:
709 611 726 637 1
764 599 840 652 dig.
872 599 1066 641 obiectum
1098 600 1306 654 quadruplo
1341 600 1465 642 minus
1508 603 1797 656 repraesentari,
1840 601 1899 644 len

587 661 763 725 imaginis
789 661 1114 704 semidiametrum
1148 660 1226 703 effe
1257 663 1392 705 debere
1425 677 1512 712 z
1499 670 1513 689 ⁸
1528 667 1618 719 -.ped
1690 665 1898 720 Oportebit

586 741 680 787 ergo
712 729 790 782 effe
825 729 995 782 Berz!
1013 745 1115 775 a:
1143 727 1221 798 „Z—“9
1238 765 1249 784 ‚
1284 736 1385 777 vnde
1423 736 1566 778 elicitur
1615 737 1703 778 iusta
1757 736 1899 778 obieffl

585 805 672 837 ante
713 796 858 855 le'ntem
895 796 1064 838 distantia
1099 797 1386 840 EAza:
1409 810 1464 847 27
1501 800 1584 853 ped.
1621 810 1788 855 atquem
1824 797 1895 840 Ca-

582 870 689 900 mera
723 848 876 902 obscura
915 861 1001 912 post
1042 860 1189 901 lentem
1232 861 1358 900 tabula
1405 861 1488 900 alba
1528 862 1707 902 constitui
1745 863 1896 903 debebit

584 922 630 962 ad
662 922 874 963 distantiam
909 919 1056 962 Be:
1070 923 1286 1004 31¹·ped
1362 921 1467 962 Tum
1511 922 1626 976 igitur
1663 923 1771 964 buius
1801 925 1901 966 ima-

582 991 679 1044 ginis
710 991 839 1034 lumen
874 983 945 1032 erit
982 1025 1038 1032 .-
982 1005 1130 1050 -ῑ
1149 991 1257 1033 L-—
1203 1027 1256 1033 ..
1276 1019 1302 1045 z
1304 996 1348 1041 -3-
1353 991 1495 1034 ,L-„z
1518 997 1569 1043 10¹⁶
1586 1021 1617 1043 -3
1635 992 1669 1034 L
1689 1027 1699 1045 ,
1741 994 1899 1049 ideoque

583 1051 659 1095 sere
691 1055 810 1110 duplo
841 1057 962 1097 maius
993 1069 1108 1109 quam
1139 1053 1221 1098 casu
1253 1055 1517 1114 praecedente.
1550 1020 1590 1096 Si
1623 1057 1742 1097 adhuc
1771 1060 1903 1098 mino-

581 1117 614 1169 ri
647 1118 831 1172 imagines
876 1112 1136 1173 magnitudine
1177 1120 1348 1160 contenti
1396 1117 1472 1160 esse
1522 1119 1714 1173 velimm,
1755 1121 1893 1161 maiori

579 1192 734 1235 quoque
769 1182 914 1223 lumine
948 1183 1080 1236 imago
1111 1183 1278 1237 praedita
1312 1182 1599 1236 conspiceretur.

698 1245 731 1293 §.
774 1255 842 1293 ¹7·
896 1243 1089 1287 Maiorem
1144 1257 1240 1286 vero
1285 1246 1400 1286 etiam
1436 1243 1674 1299 splendorem
1725 1245 1899 1300 imaginis

585 1300 871 1362 impetrabimus
892 1339 903 1361 ‚
938 1307 964 1349 si
994 1309 1135 1350 lentem
1173 1309 1291 1351 statim
1325 1310 1369 1350 ad
1403 1311 1590 1350 minorem
1626 1309 1801 1363 imaginis
1819 1308 1898 1350 sor—

581 1383 689 1414 marn
721 1372 1075 1414 accommodemus.
1147 1372 1306 1414 Maneat
1338 1385 1432 1427 ergo
1463 1372 1632 1413 distantia
1675 1372 1895 1415 ΕΑ--;α’..-.Δ

583 1449 598 1472 1
616 1442 636 1478 8
682 1436 769 1489 ped.
809 1437 990 1491 quoniam
1013 1437 1140 1477 minor
1157 1437 1306 1478 admitti
1326 1437 1454 1492 nequit
1473 1468 1483 1485 ,
1505 1448 1553 1476 ne
1571 1436 1733 1477 confusio
1756 1436 1889 1490 imagi-

581 1496 635 1539 nis
653 1499 764 1538 nimis
784 1492 848 1540 fiat
880 1500 1049 1541 sensibilis
1071 1533 1081 1552 ,
1115 1513 1155 1540 ac
1191 1511 1355 1553 ponatur
1383 1499 1508 1556 es:
1532 1504 1543 1545 3
1566 1498 1600 1538 E
1622 1498 1650 1538 F
1688 1498 1744 1538 seu
1765 1504 1860 1547 uz}
1880 1532 1890 1550 ,

582 1571 620 1601 it
644 1562 810 1614 prodeat
840 1563 1014 1615 imaginis
1046 1562 1129 1616 post
1162 1562 1303 1602 lentem
1337 1562 1504 1602 distantia
1537 1561 1573 1600 in
1609 1558 1768 1602 Camera
1820 1562 1891 1602 ob-

579 1622 677 1663 scura
720 1619 790 1664 Be
814 1638 862 1663 5:
888 1638 914 1674 9
949 1625 1033 1679 ped.
1070 1627 1212 1678 eritque
1247 1625 1357 1665 le‘ntis
1389 1626 1432 1664 ad
1468 1624 1542 1664 hoc
1588 1625 1782 1678 requisitae
1833 1626 1891 1665 di-

581 1687 705 1727 {brutia
756 1686 881 1727 suculis
920 1690 955 1744 f
975 1701 1032 1727 Σ
1061 1692 1090 1726 6
1135 1688 1220 1741 ped.
1273 1690 1330 1728 cui
1383 1687 1502 1728 adhuc
1549 1687 1628 1727 fiatis
1676 1688 1890 1729 commode

578 1759 751 1804 aperturi
787 1749 1056 1791 lemidiametri
1089 1750 1184 1790 b:
1213 1766 1228 1792 1
1271 1750 1422 1803 pollices
1454 1748 1562 1789 tribui
1590 1747 1744 1802 porci-it.
1791 1752 1891 1793 Hinc

579 1816 760 1872 quiutitas
793 1813 975 1865 luminis,
1025 1827 1100 1868 quo
1136 1815 1266 1867 imigo
1299 1813 1405 1866 super
1438 1811 1589 1864 tabulzpi
1590 1813 1741 1852 medita
1762 1825 1889 1854 teme

579 1886 657 1921 tur
683 1879 823 1917 eiit-
775 1911 825 1917 --
850 1906 888 1930 ³¹
899 1905 943 1926 ῃ
962 1877 1067 1918 L-
1015 1911 1069 1918 .-
1089 1905 1121 1929 xx
1125 1884 1154 1928 3-
1160 1905 1172 1923 ς
1193 1876 1256 1918 L·
1249 1908 1260 1929 ‚
1313 1888 1407 1929 quae
1441 1887 1532 1929 ergo
1569 1877 1650 1928 plus
1677 1889 1787 1929 quam
1822 1878 1890 1917 du-

581 1941 643 1992 plo
683 1941 808 1980 ηι-ιῐοτ
841 1942 912 1981 erit
946 1954 1061 1995 qnam
1097 1942 1177 1982 casu
1211 1940 1489 1995 praecedente,
1523 1949 1633 1992 atque
1654 1938 1678 1979 fi
1698 1938 1888 1982 obicd‘tum

577 2005 685 2045 fuerit
717 2016 736 2043 a
769 2003 841 2044 sole
876 2003 1094 2046 illustratum
1116 2039 1125 2057 ‚
1185 2003 1359 2056 imaginis
1393 2001 1522 2041 lumen
1557 2003 1630 2042 fere
1650 2004 1753 2056 queri
1788 2005 1889 2048 onies

579 2068 705 2106 (ortius
742 2067 953 2119 videbitur,
985 2082 1098 2121 qnam
1134 2069 1160 2109 si
1193 2065 1383 2108 obiestum
1418 2078 1436 2103 a
1469 2066 1549 2104 luna
1570 2066 1678 2118 plena
1700 2066 1887 2108 illumina—

578 2141 656 2169 tum
703 2141 945 2182 cerneretur,
983 2130 1133 2188 hocque
1165 2130 1357 2186 splendore
1393 2129 1518 2182 imago
1539 2132 1643 2183 {uper
1659 2129 1776 2170 tabula
1811 2131 1885 2171 iam

577 2193 656 2232 [itis
694 2194 786 2233 clara
821 2195 1027 2248 apparebit.

1700 2252 1815 2296 Gli&
1823 2252 1885 2294 VS
