2052 2668
555 183 962 253 NVMERORVM.
1010 220 1013 222 .
1370 186 1453 242 ης

161 302 226 341 riis
243 299 364 340 modis
383 298 421 338 in
439 310 474 339 m
505 306 626 351 partes
642 329 652 349 ‚
685 299 759 339 fiue
791 298 960 350 aequales
975 332 985 350 ,
1007 298 1080 339 fiue
1097 297 1305 353 inaequales
1322 300 1462 352 disper-

161 364 220 403 tiri
237 362 359 415 potest
371 370 482 415 ‚quot
500 362 625 400 modis
643 373 820 401 numerus
837 373 860 400 n
877 374 929 402 ex
947 363 1113 403 numeris
1136 374 1153 400 1
1169 395 1180 415 ‚
1200 374 1238 416 2,
1260 372 1283 410 3
1297 394 1308 416 ,
1330 393 1363 404 ..
1377 391 1406 403 ..
1423 374 1464 409 m,

156 436 224 478 per
257 424 491 465 additionem
524 424 677 476 produci
710 423 842 476 potest.

302 482 339 529 ξ.
380 497 448 535 27.
487 487 625 539 Pendet
656 499 750 540 ergo
788 496 826 525 et
868 487 941 527 hoc
984 487 1184 538 Problema
1221 500 1243 528 a
1275 488 1457 531 solutione

159 549 377 603 quaestionis
398 581 410 601 ,
443 561 514 602 qua
531 549 717 601 quaeritur
736 582 746 601 ,
781 558 874 602 quot
905 551 1016 590 variis
1044 552 1169 591 modis
1200 552 1307 592 datus
1321 565 1458 593 nume-2

156 626 217 653 rus
250 626 299 653 ex
329 612 468 665 aliquot
501 613 675 653 terminis
707 612 902 652 initialibus
934 611 1039 651 huius
1071 611 1173 653 seriei
1208 628 1228 653 1
1255 646 1266 665 ,
1300 627 1324 652 2
1349 647 1361 667 ,
1397 628 1420 665 3
1445 647 1459 667 ,

158 690 220 727 4,
251 685 326 715 etc.
359 685 422 728 per
451 673 682 714 additionem
716 673 883 713 resultare
916 673 1041 725 poffit.
1103 673 1145 715 Si
1176 676 1290 728 igitur
1320 687 1366 716 vt
1404 676 1459 718 su-

154 750 224 791 pra
255 737 343 778 haec
374 736 546 776 scribendi
569 736 736 779 ,formula
771 729 862 776 Nm)
894 735 1048 774 denotet
1082 748 1279 778 numerum
1317 740 1460 779 modo-

153 812 237 840 rum
259 830 270 850 ,
303 799 433 854 quibus
457 811 627 840 numerus
657 798 698 839 N
718 809 770 837 ex
789 799 950 838 numeris
984 810 1002 835 1
1028 830 1038 850 ‚
1073 810 1099 836 2
1119 830 1131 851 ,
1166 813 1190 850 3
1214 832 1226 851 ‚
1255 829 1399 840 .....
1420 812 1458 840 m

153 874 222 914 per
252 862 486 902 additionem
519 861 702 915 componi
736 861 857 912 potest
877 893 889 911 ,
933 859 992 900 seu
1031 861 1162 914 quibus
1203 875 1381 904 numerus
1411 862 1456 905 N

153 926 193 963 in
224 914 348 977 partes
377 932 613 976 quotcunque
646 923 810 963 distribui
843 921 980 976 potiit,
1014 935 1169 976 quarum
1202 925 1304 966 nulla
1331 927 1459 967 maior

153 987 197 1026 fit
230 997 389 1027 numero
421 998 490 1037 m3
523 985 630 1025 huius
661 984 768 1025 modi
801 984 1073 1026 characteribus
1103 995 1142 1026 et
1179 987 1255 1029 hoc
1303 988 1458 1029 Proble-

153 1060 216 1087 ma
268 1047 504 1098 propositum
554 1046 681 1086 relolui
731 1048 884 1098 poterit.
953 1044 1106 1087 Scilicet
1134 1044 1208 1088 nm)
1242 1049 1418 1091 indicabit
1436 1084 1449 1103 ‚

148 1117 241 1162 quot
290 1108 403 1147 variis
442 1107 567 1147 modis
597 1118 772 1147 numerus
804 1119 829 1148 n
847 1115 912 1154 -ι-
930 1120 966 1148 m
999 1109 1038 1147 in
1070 1121 1107 1149 m
1137 1119 1256 1162 partes
1274 1142 1284 1162 ‚
1303 1112 1376 1150 fiue
1393 1124 1455 1152 ae.

149 1170 272 1224 quales
290 1201 301 1222 ,
339 1170 414 1210 fiue
433 1169 640 1222 inaequales
677 1169 855 1222 dispertiri
889 1170 1010 1223 poffit.
1043 1170 1143 1212 Hinc
1172 1172 1199 1213 fi
1229 1181 1423 1227 quaeratur
1439 1208 1452 1229 ‚

149 1242 244 1286 quot
263 1233 391 1273 modis
409 1231 645 1273 numerusN
663 1232 702 1271 in
733 1243 856 1285 partes
885 1245 942 1284 m,
976 1233 1052 1273 fiue
1084 1235 1251 1288 aequales
1270 1269 1281 1288 ‚
1298 1236 1374 1277 fine
1392 1238 1452 1278 in-

150 1294 319 1349 aequales
343 1294 504 1334 distribui
535 1294 647 1348 poffit
665 1327 676 1345 ,
710 1306 907 1334 numerum
941 1297 1148 1338 modorum
1167 1298 1371 1351 quaefitum
1392 1299 1451 1339 in-

149 1358 286 1397 dicabit
318 1357 410 1397 haec
441 1356 600 1396 formula
633 1355 703 1410 (N
723 1378 764 1383 —
781 1371 815 1397 m
833 1353 909 1412 )(⁷'¹).
972 1356 1014 1397 Si
1044 1353 1155 1410 'igitur
1185 1359 1264 1400 hoc
1295 1359 1452 1401 Proble-

147 1432 212 1460 ma
229 1431 315 1459 cum
335 1418 580 1472 praecedente
597 1418 808 1457 conferatur
826 1450 835 1468 ‚
854 1418 1092 1470 perspicuum
1126 1423 1196 1460 erit
1215 1453 1226 1471 ‚
1248 1435 1450 1466 numerum

148 1495 171 1523 n
191 1488 254 1528 -†-
272 1495 308 1522 m
328 1481 488 1521 totidem
511 1482 633 1521 modis
663 1481 702 1520 in
735 1491 772 1520 m
798 1489 921 1533 partes
939 1512 950 1532 ‚
967 1479 1042 1520 slue
1073 1482 1237 1534 aequales
1254 1514 1266 1534 ‚
1283 1482 1360 1522 fiue
1391 1484 1449 1527 in.

146 1555 312 1608 aequales
343 1553 504 1595 distribui
536 1553 635 1607 posse
654 1585 664 1604 ,
697 1561 788 1606 quot
813 1551 937 1593 modis
962 1564 1138 1594 numerus
1167 1539 1451 1610 n-g-OE'Z—-ffilin

146 1631 181 1658 m
214 1627 334 1671 partes
362 1616 571 1670 inaequales
600 1614 779 1669 dispertiri
812 1614 939 1668 poffit.

295 1675 330 1722 ξ.
366 1687 435 1722 28.
472 1678 616 1719 Solutio
649 1691 741 1731 ergo
773 1679 976 1719 amborum
1008 1678 1293 1721 Problematum
1324 1679 1445 1725 aCel.

149 1742 302 1783 Naztdeo
335 1743 609 1794 propositorum
642 1741 716 1780 huc
749 1750 945 1781 reuocatur
964 1772 974 1792 ‚
1017 1751 1058 1781 vt
1090 1742 1289 1784 definiatur
1307 1775 1319 1796 ‚
1351 1754 1444 1797 quot

145 1805 257 1844 variis
288 1804 412 1843 modis
449 1814 626 1843 numerus
655 1803 859 1856 quicunque
891 1815 914 1842 n
946 1815 996 1843 ex
1028 1803 1087 1844 his
1116 1807 1280 1846 numeris
1315 1817 1361 1858 1,
1396 1819 1420 1844 2
1431 1838 1444 1859 ,

147 1881 170 1917 3
197 1896 335 1906 .....
355 1879 409 1906 m.
430 1877 497 1919 per
526 1865 752 1905 additionem
785 1866 940 1918 produci
979 1865 1120 1918 poffit3
1170 1866 1229 1906 seu
1261 1876 1306 1908 vt
1339 1869 1444 1909 inue-

145 1930 290 1981 stigetnr
322 1928 428 1967 valor
461 1927 682 1967 characteris
714 1923 793 1968 nm).
858 1928 1196 1984 Quemadmodum
1238 1943 1328 1984 ergo
1361 1931 1439 1972 hoc

144 2003 286 2030 nouum
320 1991 513 2031 Problema
546 2003 598 2029 ex
630 1990 796 2031 formulis
828 1991 902 2032 iam
937 1999 1024 2031 ante
1062 1992 1220 2031 inuentis
1252 2005 1439 2035 commo-

144 2054 287 2094 diffime
321 2055 449 2093 resolui
484 2063 594 2107 queat
614 2084 623 2096 ,
657 2053 858 2094 videamus.
923 2055 984 2096 Ac
1015 2055 1145 2110 primo
1178 2055 1327 2109 quidem
1348 2089 1359 2109 ,
1411 2057 1438 2097 fi

205 2117 326 2158 Tom.
346 2115 420 2158 111.
439 2115 546 2158 Nov.
568 2114 796 2159 Comment.
1068 2117 1108 2158 T
1390 2119 1438 2161 sit
