2052 2668
569 153 667 196 324.
730 137 1159 188 EXPERIMENTA
1189 136 1721 190 Et‘cOGtTATIONES

692 254 737 312 ο)
767 256 880 298 Idem
921 256 1054 298 caloris
1081 255 1315 300 incrementa
1344 259 1492 300 maiora
1524 270 1661 313 capere
1694 257 1733 299 iu
1758 257 1892 299 medio

579 331 701 373 nqueo
719 321 906 373 calidiori,
926 333 1037 376 qmm
1070 317 1112 374 a)
1142 321 1354 374 petroieum
1371 355 1384 375 ,
1417 324 1561 376 Expct.
1586 322 1680 364 XV.
1703 322 1743 378 b)
1760 323 1890 364 oleum

576 382 902 437 Terebinthinae,
921 385 1025 438 Exp.
1059 382 1181 425 XIX.
1203 383 1242 440 c)
1259 383 1418 440 Spiritus
1435 387 1762 437 vini-ordinarius,
1785 387 1890 439 Exp.

576 446 671 486 Vll.
707 448 792 488 coli
825 447 977 502 Exper.
1014 447 1112 491 XV.
1144 460 1306 503 cumque
1330 451 1548 504 >petraeum
1586 452 1734 491 maiora
1768 450 1894 490 incre-

574 520 704 551 menta
741 511 875 552 caloris
902 512 1068 566 acquirat
1100 522 1217 566 qnam
1251 514 1401 567 aquain
1423 515 1557 557 medio
1574 526 1716 568 nqueo,
1744 513 1895 567 Exper.

574 572 715 615 xvn.
754 575 858 630 quod
907 577 1060 616 minora
1092 575 1133 616 in
1166 576 1308 617 eodem
1338 579 1472 632 capit,
1522 590 1638 632 quam
1691 587 1894 631 argentum

577 638 711 679 viuum
733 668 744 689 ‚
774 639 892 681 etiam
923 636 967 694 d)
1000 649 1199 694 argentum
1231 640 1366 682 viuum
1401 642 1545 682 maiora
1580 643 1810 681 incrementa
1828 653 1894 681 ca-

576 700 665 742 loris
711 714 898 756 acquirere
937 715 1053 757 quam
1086 715 1179 758 aqua
1199 736 1210 756 ,
1240 715 1280 744 et
1312 706 1467 750 tandem
1502 705 1651 747 maiora
1699 717 1812 759 quam
1844 710 1895 754 e)

576 762 735 819 Spiritus
754 767 835 806 vini
853 764 1177 808 rectificatiffimns
1193 798 1206 819 ,
1240 767 1389 822 Exper.
1420 770 1480 810 Χ.
1514 767 1604 809 coil.
1627 767 1775 822 Exper.
1796 765 1894 809 vll.

571 839 619 869 tt
651 828 800 883 Exper.
838 830 937 870 XV.
977 828 979 830 ’

695 891 740 948 3)
772 892 1014 933 Incrementa
1045 902 1085 932 et
1114 891 1359 933 decrementa
1396 892 1530 933 caloris
1585 891 1794 946 Mercurii,
1827 903 1899 948 pe·

578 955 691 996 trolei
727 964 765 995 et
797 956 1039 996 decrementa
1073 955 1208 996 caion's
1238 957 1314 997 olei
1357 955 1656 997 Terebinthinae
1676 987 1687 1009 ,
1739 958 1899 1011 petrolei

578 1030 618 1059 et
653 1018 835 1060 Mercurii
870 1020 909 1058 in
945 1022 1033 1059 ae're
1066 1019 1139 1059 effe
1158 1019 1280 1060 ferme
1297 1019 1491 1073 aequalia,
1520 1019 1744 1073 Exp X11.
1775 1019 1896 1062 xm.

578 1083 693 1124 xlv.
743 1083 845 1123 XX.
881 1094 1023 1135 paruae
1055 1083 1162 1123 enim
1197 1082 1471 1137 discrepantiae
1501 1083 1708 1137 plurimam
1750 1095 1900 1136 partem

576 1145 785 1195 diuerfitati
819 1145 1216 1186 Thermemetrorum
1245 1156 1285 1186 et
1307 1146 1476 1186 vasorum
1498 1178 1509 1197 ‚
1540 1145 1739 1199 quaelicet
1763 1147 1902 1200 exigua

577 1210 789 1251 admodum
824 1209 932 1249 fuerit
951 1240 964 1259 ,
996 1219 1127 1248 tamen
1160 1209 1337 1250 nonnihil
1378 1207 1532 1250 efficere
1586 1209 1741 1263 potuit,
1769 1219 1807 1250 et
1840 1210 1901 1250 di-

578 1273 739 1314 uerfitati
772 1272 929 1313 aliarum
970 1272 1335 1314 circumstantiarum
1387 1274 1666 1324 minimarum,
1715 1286 1808 1326 quae
1860 1274 1901 1314 in

579 1336 765 1378 eimmodi
816 1335 1092 1390 experimentis'
1123 1348 1204 1376 non
1231 1337 1322 1378 toni
1348 1337 1392 1376 in
1426 1347 1560 1377 totumv
1599 1336 1751 1389 potest,
1803 1337 1899 1377 ibrte

580 1400 796 1441 tribuendae
828 1399 941 1440 finnt„
989 1400 1206 1454 Aliqualem
1238 1409 1370 1441 tamen
1402 1400 1656 1440 differentiam
1674 1398 1797 1439 adesse
1817 1431 1828 1451 ‚
1861 1409 1900 1440 et

581 1463 818 1505 Mercurium
871 1463 1005 1502 motui
1029 1476 1049 1501 a
1092 1463 1219 1502 calore
1268 1464 1392 1502 minus
1441 1463 1606 1503 resistere
1656 1463 1901 1517 probabiliter

579 1539 695 1582 quarn
735 1524 836 1565 dic'ta
868 1524 980 1564 fluida
1015 1524 1104 1564 infra
1143 1525 1303 1577 patebit.

700 1585 746 1643 4)
780 1589 912 1640 Aqme
946 1600 1039 1627 vero
1071 1592 1112 1627 et
1143 1586 1245 1640 Spir.
1282 1588 1332 1627 V.
1365 1587 1548 1629 ordinarii
1588 1589 1829 1630 decrementa
1861 1600 1901 1631 et

572 1654 814 1694 incrementa
845 1650 982 1692 caloris
1012 1652 1133 1691 etiam
1166 1652 1205 1691 in
1236 1653 1325 1691 aere
1357 1650 1435 1690 effe
1468 1653 1619 1692 minora
1652 1653 1903 1694 decrementis

580 1726 620 1757 et
653 1715 903 1756 incrementis
929 1713 1062 1754 caloris
1080 1715 1223 1767 argenti
1245 1715 1352 1763 viui,
1385 1713 1492 1766 Exp.
1528 1712 1577 1766 1,
1611 1712 1649 1753 11
1673 1746 1685 1765 ‚
1718 1713 1787 1754 Vl.
1807 1727 1902 1755 con-

591 1782 785 1834 sequenter
802 1779 923 1820 ctiam
942 1778 1089 1818 minora
1120 1777 1377 1818 decrementis
1409 1787 1446 1817 et
1479 1778 1717 1818 incrementis
1737 1777 1902 1820 Petrolei

584 1843 700 1899 (coll.
723 1855 760 1882 n.
793 1839 848 1896 n)
869 1874 880 1894 ‚
911 1842 1026 1881 etiam
1061 1842 1134 1881 olei
1171 1842 1236 1882 lini
1267 1842 1505 1882 decrementa
1538 1843 1575 1881 in
1606 1844 1692 1882 ae're
1723 1842 1792 1882 effe
1825 1843 1903 1884 mi-

585 1919 676 1950 nom
711 1906 966 1947 decrementis
998 1905 1162 1958 peu-olei
1192 1917 1230 1947 er
1262 1904 1534 1959 consequenter
1552 1905 1754 1956 Mercurii,
1790 1906 1898 1962 Exp.

584 1969 748 2015 xxm.
787 1969 869 2009 con.
910 1968 1015 2022 Exp.
1050 1970 1154 2013 ΧΧ.

703 2033 737 2082 §-
777 2043 847 2080 ας.
890 2031 993 2073 Haec
1028 2033 1254 2074 consectaria
1288 2033 1373 2073 licet
1424 2033 1618 2072 videantur
1668 2045 1718 2073 ex
1750 2034 1901 2087 experi-

590 2098 729 2137 mentis
761 2096 840 2137 ίέιιίε
872 2106 1032 2150 patere,
1065 2097 1133 2138 alin
1168 2098 1312 2137 ratione
1346 2106 1476 2137 tamen
1510 2095 1740 2137 confirmare
1768 2097 1901 2148 volni,

1859 2169 1902 2199 vt
