2052 2668
571 147 659 192 με
723 136 1145 185 EXPERIMENTA
1180 137 1259 182 ET
1287 134 1719 184 OOGITATIONES

600 264 661 309 ⁷,
730 279 751 288 -
846 278 902 286 --
967 276 1029 283 ·-
1069 264 1120 302 13
1149 261 1238 304 ‚72
1320 276 1376 286 —-
1443 267 1494 294 11
1522 260 1608 308 ,78
1662 276 1720 286 --
1769 260 1884 306 7,07

606 334 668 372 9,
732 343 751 353 -
849 343 903 350 --
965 326 1236 369 --17‚.·12
1319 342 1377 349 --
1446 322 1609 371 14,63
1666 328 1879 370 --10,11

575 396 662 436 14,
729 407 748 415 -
843 406 897 414 --
964 405 1027 414 --
1066 393 1226 430 25‚01
1313 405 1367 414 -—
1433 396 1520 434 20,
1557 390 1611 432 85
1666 392 1879 434 --17,11

687 446 792 488 Haec
843 446 965 487 tabula
1016 444 1141 499 potest
1189 447 1405 501 comparari
1452 459 1542 489 cum
1588 447 1712 488 tabula
1753 447 1885 488 decre-

573 520 790 551 mentorum
828 510 998 552 calorum
1032 509 1239 550 fluidorum
1274 512 1417 553 tabulae
1445 508 1482 553 §.
1518 523 1591 561 27.
1625 521 1664 552 et
1694 518 1885 564 apparet,

568 576 813 615 decrementa
845 575 1005 616 initialia
1037 573 1222 615 Mercurii
1254 576 1375 617 etiam
1409 575 1660 617 decrementis
1683 573 1887 616 initialibus

549 637 716 697 ‘spiritus
745 638 822 679 vini
852 636 1145 681 rectificatiffimi
1164 670 1177 690 ,
1210 638 1288 679 fiilis
1317 641 1489 682 cinerum
1521 639 1806 681 clauellatorum
1827 638 1886 678 io·

570 702 634 744 luti
657 733 670 754 ‚
697 714 740 744 et
768 701 845 744 olei
877 702 940 744 lini
966 699 1043 743 esse
1075 702 1252 755 maiora,
1287 703 1335 744 sal
1369 705 1442 744 cin.
1475 703 1523 744 cl.
1557 702 1717 745 solutum
1749 702 1893 743 tardius

569 779 687 819 quam
716 766 906 820 praedicta
925 765 1061 818 fluida,
1093 766 1225 806 oleum
1256 767 1319 806 lini
1351 779 1448 807 vero
1477 766 1594 808 etiam
1615 767 1753 808 tardius
1769 776 1886 819 quarn

569 829 617 870 {al
646 831 818 870 cinerum
849 831 977 871 caluel.
1013 830 1174 870 solutum
1206 828 1422 880 refrigerari.

684 901 719 949 §.
754 911 831 948 3†0.-
862 899 902 941 Si
922 900 1079 953 respicio
1095 899 1141 938 ad
1159 909 1201 937 ea
1218 929 1230 950 ,
1257 909 1351 951 quae
1368 897 1476 938 Tom.
1494 896 1533 939 Ι.
1553 897 1659 939 Nov.
1682 897 1884 940 Commcnt.

569 963 607 1003 in
628 963 755 1017 inquis.
777 965 813 1004 in
833 962 959 1018 legem
979 964 1082 1004 decr.
1102 962 1235 1003 caloris
1252 961 1285 1011 §.
1312 974 1382 1001 22.
1402 961 1476 1002 coll
1511 960 1544 1009 §.
1570 972 1639 1010 25.
1662 961 1743 1002 dixi
1763 995 1774 1014 ‚
1810 963 1890 1007 effe

568 1026 641 1067 scil.
665 1027 702 1067 in
720 1026 976 1081 homogeneis
990 1026 1211 1082 corporibus
1227 1023 1377 1080 (positis
1394 1024 1820 1079 superficiebusintegris
1829 1028 1886 1067 vti

568 1087 597 1130 S
615 1089 660 1130 ad
677 1103 698 1131 s
722 1122 733 1142 ‚
762 1091 1019 1132 voluminibus
1036 1091 1090 1132 vti
1110 1089 1146 1130 V
1178 1090 1224 1130 ad
1254 1103 1283 1131 v
1301 1122 1312 1142 ,
1339 1088 1561 1130 differentiis
1585 1089 1681 1130 inter
1699 1091 1867 1142 temperi

569 1166 632 1195 em
667 1153 774 1196 fluidi
805 1166 843 1196 et
871 1156 970 1196 a'e'ris
994 1156 1048 1195 vti
1082 1155 1120 1195 A
1155 1154 1201 1195 ad
1233 1166 1287 1204 a,
1314 1153 1568 1193 decrementis
1583 1162 1647 1193 aut
1666 1153 1884 1194 incremen-

571 1224 618 1266 tis
647 1225 848 1268 initialibus
873 1227 931 1267 vti
957 1223 992 1267 B
1019 1226 1065 1268 ad
1083 1224 1107 1266 b
1125 1229 1142 1274 )
1160 1222 1222 1266 B·.
1238 1223 1338 1266 h:
1356 1213 1440 1278 ’Ἃ
1432 1249 1441 1258 ·
1476 1215 1517 1277 ’ᾗ
1537 1257 1547 1276 ,
1576 1233 1616 1265 et
1644 1225 1888 1265 decrementa

1358 1286 1476 1341 B(A-
1451 1286 1527 1337 -B)
1532 1292 1582 1312 “·¹
1621 1286 1754 1370 d—b(a
1757 1286 1847 1339 b)’¹·¹

1402 1365 1513 1404 Α“·“““
1598 1329 1645 1370 ad
1701 1363 1803 1404 α”“““
1809 1347 1866 1372 —'

571 1340 611 1372 et
657 1332 891 1376 incrementa
939 1332 1023 1387 post
1069 1341 1262 1386 tempusn
1282 1331 1338 1372 vti

572 1436 660 1477 Hoc
693 1437 780 1478 inde
809 1436 879 1487 fit,
911 1435 996 1489 quia
1032 1436 1068 1476 in
1099 1432 1322 1487 corporibus
1354 1432 1608 1487 homogeneis
1640 1431 1740 1472 ratio
1766 1443 1886 1486 poro·-

570 1511 656 1540 rum
687 1500 734 1540 ad
767 1500 965 1541 materiam
996 1499 1232 1538 constantem
1263 1494 1411 1549 semper
1439 1496 1492 1536 est
1521 1495 1652 1536 eadem
1672 1526 1683 1547 ,
1715 1496 1885 1537 multitu—

569 1564 621 1604 do
649 1566 768 1606 etiam
802 1574 985 1618 potorum
1020 1562 1065 1601 ad
1098 1558 1386 1601 multitudinem
1420 1560 1682 1614 particularum
1717 1557 1751 1600 se
1778 1571 1884 1615 pam·

572 1638 695 1670 tarum
730 1627 892 1668 eandem
924 1625 1039 1667 habet
1075 1625 1279 1665 rationem.
1334 1622 1486 1665 Deinde
1521 1635 1590 1676 per
1640 1622 1883 1678 superficiem

571 1693 732 1752 cuiusuis
767 1690 938 1744 corporis
973 1689 1130 1730 materia
1164 1686 1366 1739 aequaliter
1397 1684 1569 1740 dispersa
1587 1687 1666 1738 cst,
1686 1687 1771 1726 hinc
1789 1699 1882 1739 pcn-

569 1757 633 1798 det
668 1753 825 1798 definita
860 1753 1045 1808 quaedam
1081 1753 1127 1792 ad
1170 1762 1318 1791 certam
1360 1749 1609 1803 quantitatem
1661 1749 1795 1790 caloris
1828 1760 1886 1790 m-

569 1821 790 1875 cipicndam
826 1828 866 1858 et
901 1816 1126 1873 perdendam
1182 1814 1421 1870 proprietas,
1473 1822 1518 1853 vt
1558 1812 1806 1854 decrementa
1840 1823 1879 1854 et

570 1887 804 1926 incrementa
839 1882 910 1923 sint
946 1883 983 1921 in
1022 1879 1212 1934 praedicta
1241 1877 1407 1928 ratione,
1441 1877 1491 1918 ita
1513 1909 1523 1927 ,
1546 1885 1604 1927 vt,
1641 1889 1719 1931 quo
1754 1878 1885 1918 minor

569 1949 753 2004 quantitas
787 1946 966 1989 materiae
1002 1946 1218 1986 mouendae
1254 1942 1328 1994 sit‚.
1350 1951 1390 1980 ct
1423 1953 1498 1994 quo
1523 1940 1672 1981 liberior
1704 1941 1752 1982 ad
1793 1953 1880 1983 eam

567 2011 742 2062 acceffus,
761 2011 886 2051 velex
921 2022 962 2049 ea
998 2009 1119 2049 exitus
1137 2041 1147 2061 ,
1182 2008 1217 2048 id
1237 2006 1310 2056 est,
1327 2016 1403 2058 qno
1422 2005 1547 2045 maior
1579 2005 1814 2059 superficies,
1833 2017 1883 2046 eo

571 2077 689 2117 maius
722 2075 763 2118 sit
799 2075 1079 2115 incrementum
1115 2072 1251 2113 caloris
1285 2079 1322 2109 ct
1354 2069 1649 2110 decrementum.

1728 2197 1762 2245 §-
1804 2206 1876 2244 31·
