2052 2668
548 384 1009 432 OBSERVATIONES

266 438 760 514 ‘ANAToiuico
783 483 803 490 -
827 447 1290 508 PRACTffiAE

366 562 377 567 x
545 535 1011 578 COMMVNICATAE

319 637 543 684 lOANNE
577 597 876 684 FREDRAICO
907 637 1229 683 SC‘HREIBER.

763 795 797 836 1.

306 955 329 993 b
365 963 535 1002 erroreS,
567 951 631 1004 qui
663 952 701 992 in
737 950 934 1006 Chirurgia
967 952 1128 1006 capitis,
1160 951 1265 992 huius
1299 950 1430 992 suturas

337 1028 423 1055 cum
462 1014 628 1054 statsturis
668 1016 961 1066 confundendo,
1000 1015 1198 1067 aliquando
1252 1015 1428 1054 obueuixe

128 1118 131 1119 γ
336 1075 514 1135 possunt,
546 1087 663 1129 opera
697 1078 816 1117 danda
850 1076 930 1128 est,
962 1086 1007 1116 vt
1037 1078 1242 1117 suturarum
1261 1078 1426 1115 varieta-

136 1146 218 1186 tes,
250 1149 342 1189 quot
374 1138 552 1192 potsunt,
585 1139 866 1191 cognoscantur.
930 1139 1088 1179 Memor
1130 1151 1293 1189 eorum,
1347 1149 1427 1177 nou

136 1199 248 1252 plane
280 1201 406 1242 inutile
439 1201 527 1253 quid
558 1200 712 1252 fecero,
745 1202 773 1241 fi
804 1201 963 1253 figuram
997 1201 1128 1254 capitis
1146 1233 1157 1251 ‚
1183 1202 1351 1240 adcurate
1368 1201 1429 1239 de-

136 1262 342 1315 lineatam,
374 1263 733 1314 cummunicauero,
772 1264 810 1302 in
846 1276 923 1316 quo
955 1261 1032 1302 offa
1051 1296 1062 1314 ,
1110 1276 1203 1315 quae
1251 1265 1432 1317 triquetra

141 1326 268 1364 vocari
299 1325 561 1366 consueuerunt
580 1357 590 1376 ,
623 1326 826 1379 elegantius
847 1357 858 1376 ‚
891 1334 997 1378 atque
1026 1327 1145 1378 magis
1177 1326 1330 1378 regulari
1366 1337 1430 1365 or-

139 1386 227 1425 dine
260 1387 418 1429 formata
440 1421 451 1440 ‚
486 1389 651 1441 opinor,
685 1390 762 1428 visa
793 1388 873 1428 sunt
903 1401 1118 1440 numquam.

225 1449 411 1490 Lunulam
431 1485 441 1502 ‚
460 1450 694 1490 constitutam
715 1465 735 1492 a
754 1452 895 1491 duobus
912 1451 1064 1490 arcubus
1081 1451 1430 1504 circularibus‚quo-

138 1523 225 1552 rum
251 1512 413 1566 superior
439 1522 477 1552 et
502 1514 624 1563 maior
647 1525 715 1564 per
739 1526 822 1553 oras
840 1513 1058 1566 posteriores
1076 1514 1309 1565 processuum
1346 1526 1430 1553 ma-

139 1574 368 1616 stoideorum
388 1605 398 1624 ,
432 1583 469 1614 et
486 1575 666 1614 verticem
687 1574 826 1614 suturae
845 1607 856 1626 ‚
873 1588 964 1627 quae
983 1575 1021 1614 A
1042 1572 1273 1616 Graecorum
1292 1576 1401 1615 refert
1420 1608 1430 1626 ‚

139 1635 293 1676 inferior
323 1647 361 1677 et
391 1638 544 1688 minor,
577 1649 645 1689 per
678 1637 825 1678 easdem
860 1649 941 1677 oras
976 1646 1014 1675 et
1045 1638 1214 1677 mediam
1249 1639 1322 1677 fere
1349 1639 1430 1678 alti-

136 1698 303 1739 tudinem
338 1699 420 1739 offis
453 1699 624 1748 occipitis
653 1700 810 1748 transit,
842 1699 1006 1750 impleut
1031 1700 1108 1741 ,tria
1141 1699 1218 1738 offa
1238 1731 1248 1749 ,
1282 1701 1326 1739 ad
1354 1699 1432 1738 ien-

138 1759 218 1798 sum
252 1761 348 1800 inter
381 1760 415 1799 se
447 1758 606 1811 aequalia
625 1790 636 1810 ‚
669 1772 826 1812 quorum
860 1761 934 1799 duo
966 1769 1137 1800 extrema
1169 1761 1247 1800 sunt
1283 1762 1430 1814 quadri-

140 1821 252 1860 latera
272 1848 283 1870 ,
316 1831 355 1862 ct
390 1822 539 1861 tertium
574 1822 741 1861 medium
775 1823 826 1863 est
858 1822 995 1874 figurae
1028 1833 1265 1875 pentagonzie
1285 1825 1426 1876 regula-

144 1884 192 1921 ris
210 1915 220 1934 ,
253 1885 354 1924 cuius
414 1883 578 1924 summus
626 1885 778 1938 angulus
825 1897 913 1925 cum
962 1885 1096 1938 angulo
1146 1886 1238 1926 iilius
1286 1886 1427 1928 suturae

139 1947 326 1999 congruit.
359 1976 379 1980 -v
403 1965 406 1968 >

750 2009 804 2050 ΙΙ.

256 2101 302 2142 In
335 2104 563 2145 memoriam
582 2113 704 2159 ,atque
737 2106 1030 2148 recordationem
1062 2109 1177 2160 Viri,
1211 2108 1300 2149 dum
1327 2109 1431 2149 viue-

143 2173 228 2216 ret,
259 2166 488 2206 Amiciffimi
521 2178 558 2208 et
595 2168 845 2208 Honestiffimi
864 2204 875 2221 ,
921 2171 1179 2225 elegantiarum
1228 2172 1429 2211 litterarum

651 2230 694 2271 D
726 2231 751 2270 d
783 2231 807 2271 d
842 2245 866 2271 2
1274 2232 1430 2274 Studio-

1461 1494 1533 1524 Tab.

1553 1494 1605 1524 IX·
