2052 2668
502 139 601 181 '1'2‘6
913 135 996 180 DE
1026 128 1388 184 PARTIHONE
1406 131 1423 178 ζ’
1453 148 1455 150 ·

645 253 680 303 §.
722 267 760 294 2.
796 251 851 294 Vt
885 253 942 293 vis
970 252 1217 303 problematis
1249 253 1357 294 huius
1387 251 1515 293 clarius
1557 251 1830 308 perspiciatur,

507 331 590 363 non
619 317 740 359 nullos
771 318 873 358 casus
896 316 1172 371 simpliciores,
1203 317 1270 370 qui
1299 316 1434 358 aaran
1469 318 1717 370 partitionum
1737 329 1828 356 cnu-

506 383 723 425 meratione
767 380 876 421 facile
923 382 1183 435 expediuntur.
1254 377 1298 421 Si
1340 390 1534 433 quaeratur
1553 413 1568 431 ‚
1608 391 1700 434 quot
1720 379 1828 420 variis

507 447 635 488 modis
675 456 854 485 numerus
894 446 939 482 6.
973 445 1014 484 in
1051 444 1150 487 duas*
1178 450 1314 494 putes,
1335 443 1461 484 resolui
1509 443 1622 496 possit
1641 475 1652 496 ,
1704 443 1834 484 statim*

507 518 664 563 apparet
686 539 697 558 ‚
717 507 791 547 hoc
810 506 926 550 tribus
958 506 1085 547 modis
1116 506 1201 548 freti
1235 506 1338 560 poffi:
1356 537 1368 558 ,
1397 518 1487 547 cum
1521 506 1596 549 fit:
1689 511 1696 517 “

626 573 1433 621 6Z1÷SZ2÷423÷3

508 634 537 678 fi
570 634 722 688 quidem
758 634 926 688 partium
957 634 1153 687 aequalitas
1185 646 1263 674 non
1302 632 1532 674 excludatur.
1596 631 1664 674 Sin
1706 644 1832 676 autem

501 708 635 753 ‘partes
694 707 843 739 tantum
904 697 1113 751 inaequales
1170 697 1423 738 desiderentur
1441 728 1452 749 ,
1490 697 1631 738 Vltima
1674 700 1833 752 partitio

513 772 540 810 a
563 767 629 809 -ὶ-
653 771 677 809 3
724 762 776 802 est
816 760 1032 802 omittenda
1049 793 1060 813 ,
1108 760 1259 815 hocque
1303 759 1384 801 casu
1425 773 1603 802 numerus
1633 764 1662 800 6
1694 763 1840 802 duobus

511 834 661 866 tanturn
697 825 825 866 modis
856 825 895 864 in
925 824 1012 864 duas
1044 833 1169 877 partes
1200 820 1298 865 in'ter
1339 823 1375 862 se
1406 824 1614 876 inaequales
1651 824 1839 878 dispertiri

512 888 649 943 potest.
714 887 831 944 Quod
851 887 876 927 fi
909 898 1086 926 numerus
1133 887 1289 939 impar,
1322 886 1380 925 vti
1423 897 1451 934 9
1485 895 1720 939 proponatur
1740 919 1750 939 ,
1798 888 1836 928 'm

511 952 603 992 duas
643 960 766 1005 partes
821 949 1095 991 distribuendus
1109 980 1121 1003 ‚
1162 959 1324 1004 quatuor
1354 949 1559 1004 prodibunt
1590 951 1814 1005 partitiones
1829 981 1842 1003 ,

511 1027 609 1069 quae
641 1014 720 1056 sunt
741 1030 749 1056 ε

630 1079 1641 1129 9ῑ-*ι-μδτ-2-Ι-7Σ3-ῖ-6Ξ4-Ιι-
1670 1087 1692 1126 5

513 1140 581 1182 vbi
614 1154 702 1183 cum
738 1150 861 1195 partes
890 1141 1059 1194 aequales
1089 1152 1170 1181 non
1204 1149 1400 1180 occurrant
1422 1171 1435 1191 ,
1475 1151 1653 1181 numerus
1687 1153 1716 1189 9
1750 1150 1839 1193 qua—

512 1214 601 1245 tuor
634 1205 760 1246 modis
789 1205 828 1244 in
858 1205 948 1245 duas
979 1212 1103 1256 partes
1134 1202 1373 1255 dispertietur
1391 1234 1402 1255 ,
1437 1202 1511 1243 siue
1544 1212 1670 1256 partes
1707 1214 1843 1256 aequa-

515 1268 570 1309 les
586 1268 830 1309 excludantur
848 1296 859 1315 ‚
895 1267 969 1308 siue
1000 1267 1112 1306 secus.
1182 1264 1223 1307 Si
1256 1265 1552 1320 plures>duabus
1592 1276 1718 1320 partes
1747 1265 1837 1307 desi-

515 1332 722 1384 derentur,
753 1332 811 1372 vti
842 1330 869 1372 fi
899 1339 1094 1385 quaeratur
1113 1362 1124 1381 ,
1158 1338 1253 1383 quot
1285 1331 1395 1370 variis
1413 1329 1538 1370 modis
1554 1341 1730 1370 numerus
1766 1341 1837 1369 12.

517 1397 555 1436 in
588 1405 662 1435 tres
693 1403 816 1447 partes
846 1394 1031 1446 dispertiri
1062 1391 1196 1445 possit,
1229 1391 1306 1431 hoc
1341 1391 1574 1445 sequentibus
1610 1404 1627 1431 1
1642 1403 1680 1432 2.
1715 1393 1842 1434 modis

517 1457 600 1499 fieri
633 1457 775 1510 poterit
796 1471 805 1496 ε

585 1524 994 1573 12:251-4-1-4-103
1033 1524 1414 1573 12:142-4--93
1450 1526 1797 1572 12:14348

584 1590 934 1635 12:1-1-4-l-7
960 1597 972 1637 3
1038 1587 1417 1636 12zx÷5÷6;
1458 1590 1662 1630 12:2-4-
1678 1590 1800 1629 2—4-8

585 1653 931 1697 12z2÷3÷7
962 1660 975 1701 3
1030 1653 1406 1699 ¹2Z2÷4÷⁶3
1450 1653 1789 1696 12:24545

585 1712 971 1763 12:342-4-63
1029 1716 1408 1762 11:2-4-4—4-53
1453 1715 1799 1760 12:444—1-4

520 1776 589 1822 Sin
620 1786 750 1818 autem
783 1784 909 1828 partes
937 1774 1107 1827 aequales
1141 1773 1384 1813 excludantur
1403 1803 1415 1824 ‚
1436 1772 1734 1827 respondendum
1753 1773 1846 1825 erit,

522 1853 725 1885 numerum
763 1850 832 1877 12.
872 1846 1019 1878 tantum
1053 1848 1095 1886 7.
1127 1837 1252 1879 modis
1292 1838 1333 1878 in
1380 1847 1457 1877 tres
1505 1847 1651 1890 partes·
1681 1835 1844 1878 distribui

523 1906 641 1962 posse.

661 1969 696 2015 (5.
737 1978 777 2014 3.
812 1966 914 2009 Hinc
949 1964 1054 2007 facile
1093 1964 1335 2018 intelligitur,
1367 1964 1394 2004 sr
1434 1973 1513 2004 tarn
1558 1975 1736 2004 numerus
1784 1963 1842 2005 di-

526 2031 750 2086 spertiendus
781 2029 886 2069 suerit
921 2030 1042 2068 rnaior
1061 2061 1071 2080 ,
1103 2039 1213 2081 atquc
1255 2039 1429 2067 uumerus
1468 2029 1632 2081 partium
1651 2060 1664 2080 ,
1699 2027 1843 2079 inquas

525 2109 619 2139 cum
646 2093 773 2135 resolui
806 2100 957 2145 oportet
980 2123 990 2143 ,
1044 2092 1247 2135 ternarium
1300 2092 1620 2144 quaternariumue
1667 2090 1808 2142 superet
1829 2120 1839 2138 ,

1707 2164 1842 2192 nurne-
