2052 2668
584 176 649 232 '40
1025 173 1109 219 DE
1143 167 1455 222 sEmERVM

694 290 730 340 §-
770 298 812 339 7.
847 289 1041 331 Habentur
1076 296 1204 331 autem
1238 301 1386 345 praeter
1421 290 1633 332 terminum
1682 291 1902 346 generalem

576 353 869 396 innumerabiles
901 355 963 396 alii
997 355 1106 396 modi
1139 355 1248 396 series
1295 355 1512 396 formandi:
1564 358 1714 398 interim
1770 368 1901 397 tamen

579 431 714 460 omnes
748 421 803 461 isti
839 420 946 459 modi
979 421 1190 459 commode
1223 418 1272 459 ad
1303 421 1374 460 tria
1393 430 1528 473 genem
1548 423 1712 460 reuocari
1734 422 1899 474 potsunt.

579 483 645 526 Ad
678 484 850 538 primum
882 495 1002 535 genus
1040 481 1166 522 rcfem
1199 494 1265 523 eos
1295 481 1468 524 ferietum
1499 482 1781 524 fonnandarum
1810 496 1900 524 mo-

579 547 646 587 dos
665 579 677 598 ,
713 547 844 600 quibus
875 547 1058 587 terminus
1092 548 1247 601 quisque
1287 544 1392 587 seriei
1439 559 1512 602 per
1558 546 1680 588 solum
1733 548 1901 589 indicem

579 608 873 663 respondentem
909 610 1218 666 determinatum
1251 611 1355 666 quod
1387 623 1480 653 cum
1513 624 1582 667 per
1612 622 1733 653 certas
1763 622 1902 667 opera·

576 675 703 716 tiones
737 675 776 715 in
809 675 907 717 hunc
943 674 1062 716 finem
1098 676 1336 718 instituendas
1368 675 1554 718 efficiatur
1574 711 1585 728 ,
1617 676 1781 718 formula
1821 676 1902 717 istas

579 740 815 791 operationes
848 740 887 780 in
918 752 1054 793 genere
1087 741 1346 795 complectens
1379 738 1458 794 ipse
1488 743 1558 782 erit
1598 742 1783 782 terminus
1834 751 1901 793 ge-

578 802 713 844 neralis
745 804 848 846 seriei
869 837 880 856 ,
915 817 993 857 quo
1024 804 1140 858 paeto
1173 805 1305 846 seriem
1355 804 1522 847 abtblute
1561 817 1605 846 ac
1638 802 1903 859 perfeetiffime

521 916 527 920 ψ
575 865 822 908 determinari
855 869 931 908 iam
967 871 1106 909 notaui.
1193 870 1258 910 Ad
1289 881 1406 922 genus
1438 868 1640 909 fecundum
1692 868 1903 920 pertineant

576 929 635 970 isti
667 933 771 972 {eries
804 933 992 972 ffirmandi
1026 933 1165 982 modi,
1218 933 1348 986 quibus
1399 932 1580 972 terminus
1629 931 1750 985 quiuis
1799 929 1903 973 seriei

577 1006 646 1048 per
678 986 822 1050 aliquot
857 998 1046 1036 terminos
1077 996 1344 1036 antecedentes
1374 994 1580 1036 secundum
1613 1004 1757 1036 certam
1783 1007 1903 1049 quan-

574 1058 664 1097 dam
700 1061 867 1112 regulam
903 1058 1179 1100 determinatur
1199 1090 1210 1109 ,
1243 1059 1305 1111 qui
1337 1060 1474 1098 modus
1504 1060 1540 1098 in
1573 1057 1730 1098 seriebus
1760 1058 1901 1112 impri-

573 1121 646 1161 mis
680 1123 948 1164 recurrentibus
979 1122 1147 1163 adhiberi
1184 1121 1275 1161 solet
1354 1122 1523 1179 Quando
1565 1134 1658 1162 vero
1690 1123 1736 1163 ad
1770 1122 1902 1162 termi-

575 1197 671 1226 num
705 1187 876 1240 quemuis
908 1186 1012 1227 seriei
1046 1186 1315 1226 inueniendum
1350 1199 1428 1226 non
1470 1185 1589 1226 {olum
1643 1188 1900 1226 terminorum

573 1251 881 1291 antecedentium
915 1252 1014 1290 ratio
1046 1249 1099 1289 est
1134 1249 1303 1290 habenda
1324 1280 1335 1299 ,
1391 1248 1451 1288 sed
1486 1251 1605 1289 etiam
1659 1249 1734 1303 ipie
1785 1250 1901 1291 index

573 1312 741 1355 adhiberi
774 1314 916 1367 debet,
952 1314 1039 1356 hinc
1073 1313 1228 1354 tertium
1264 1324 1382 1366 genus
1413 1312 1680 1354 affirmationis
1721 1313 1900 1355 serierum

571 1378 773 1420 constituo.

695 1442 728 1489 §.
773 1447 807 1483 8.
845 1439 886 1482 Si
921 1441 1077 1497 quilibet
1109 1439 1211 1481 seriei
1262 1442 1444 1482 terminus
1476 1451 1526 1481 ex
1568 1440 1646 1482 solo
1681 1443 1802 1483 indice
1833 1442 1900 1483 de-

576 1506 804 1546 terminatur
823 1539 833 1557 ,
854 1516 936 1548 tum
957 1507 1030 1547 siue
1048 1517 1228 1546 numerus
1258 1504 1429 1558 integer,
1463 1505 1539 1547 siue
1571 1505 1725 1558 fruetus,
1753 1519 1826 1561 pro
1844 1506 1901 1546 in·

574 1569 658 1610 dice
691 1568 926 1623 affumarur,
960 1572 1142 1611 terminus
1176 1567 1402 1623 respondens
1434 1582 1548 1624 aeque
1589 1570 1798 1622 definitur,
1832 1569 1899 1611 sle·

576 1644 647 1686 que
682 1635 930 1690 interpolatio
967 1636 1070 1675 seriei
1090 1668 1101 1685 ,
1134 1646 1255 1687 neque
1306 1635 1503 1687 quicquam
1535 1633 1767 1673 difficultatis
1786 1666 1796 1684 ,
1827 1644 1901 1672 ne-

573 1708 644 1751 que
687 1701 955 1740 incertitudinis
989 1700 1114 1739 habet.
1181 1696 1250 1738 Sin
1285 1707 1413 1737 autem
1436 1731 1448 1751 ,
1480 1697 1533 1736 vti
1566 1698 1604 1736 in
1638 1695 1797 1738 secundo
1833 1709 1900 1749 ge-

572 1773 664 1802 nere
698 1763 889 1816 posuimus
912 1796 922 1814 ,
955 1763 1112 1817 quilibet
1146 1761 1333 1802 terminus
1365 1774 1418 1801 cx
1456 1761 1700 1815 praecedente
1744 1759 1806 1801 vel
1832 1760 1902 1801 ali-

572 1835 667 1878 quot
700 1828 999 1867 antecedentibus
1033 1827 1335 1876 determinatur,
1371 1835 1453 1866 tum
1490 1827 1620 1879 primo
1664 1824 1724 1865 vel
1756 1823 1899 1877 aliquot

573 1891 798 1943 primoribus
833 1891 1008 1931 terminis
1040 1902 1112 1944 pro
1146 1890 1262 1930 lubitu
1315 1886 1504 1942 amantis,
1557 1889 1687 1942 singuli
1739 1888 1896 1942 quidem

576 1955 729 1993 termini
751 1988 760 2005 ‚
803 1956 864 2007 qui
899 1955 1080 1994 indicibus
1129 1954 1282 2008 integris
1330 1954 1586 2008 respondent,
1637 1952 1900 2003 inuenientur,

577 2019 762 2058 terminos
796 2030 885 2057 vero
921 2019 1194 2069 intermedios,
1231 2017 1410 2058 indicibus
1460 2015 1584 2056 fraffis
1634 2017 1902 2057 conuenientes

575 2081 663 2123 hinc
699 2080 857 2121 definire
893 2094 968 2121 non
1005 2082 1125 2136 licet3
1157 2082 1261 2134 quod
1295 2081 1397 2120 idem
1430 2080 1477 2120 dc
1511 2081 1624 2120 tenio
1663 2091 1800 2133 genere
1846 2080 1899 2120 est

578 2145 795 2186 tenendum.
860 2146 1108 2204 Quamquam
1141 2154 1271 2186 autem
1325 2143 1402 2186 hoc
1437 2144 1559 2186 modo
1591 2144 1632 2185 in
1666 2143 1827 2186 secundo
1860 2152 1900 2183 et

1785 2216 1898 2248 temo
