2052 2668
585 198 656 247 IN
687 194 928 244 GENERE.
1359 201 1450 255 269

153 324 212 359 tur
233 349 242 368 ,
263 317 367 370 eique
387 315 563 356 continuo
580 315 724 355 maiora
745 315 910 368 pondera
929 311 1201 367 appendantur.
1218 312 1322 352 Tum
1342 311 1446 354 enim

151 381 272 420 frietio
306 381 341 420 ei
375 379 536 432 ponderi
567 378 638 418 erit
668 378 823 430 aequalis
853 377 1030 418 ceniendn
1050 409 1061 428 ,
1113 389 1135 416 a
1183 389 1259 430 quo
1309 387 1452 428 corpus

149 445 317 496 primum
353 441 572 496 promoueri
604 441 802 493 inceperit.
868 441 954 481 Hoc
987 448 1115 480 autem
1147 440 1265 480 modo
1313 440 1450 479 Amon-

150 513 250 547 tmms
280 505 557 558 deprehendit,
610 504 637 544 ss
670 504 840 556 asperitas
871 504 978 544 fuerit
1019 503 1149 543 eadem
1170 535 1180 554 ,
1231 501 1449 542 frictionem

150 570 195 610 ad
231 570 373 622 pondus
405 568 569 620 corporis
605 576 793 620 perpetuo
824 568 951 607 datam
985 575 1024 604 et
1063 566 1292 606 constantem
1336 565 1452 605 ratio*-

152 644 240 672 nem
273 641 431 684 tenere3
466 642 581 682 neque
613 632 862 684 quantitatem
912 626 1106 667 contatstus
1148 630 1217 669 ab
1247 627 1447 682 quicquam

149 696 193 735 ad
227 693 437 733 fristionem
479 693 662 732 conferre.
737 691 803 731 Ab
852 689 929 730 aliis
976 689 1131 743 quidem
1180 690 1272 731 haec
1322 689 1449 743 regula

149 757 320 809 deinceps
351 757 389 795 in
423 755 578 795 dubium
610 755 661 795 est
692 764 826 794 vocata
844 785 856 804 ,
895 754 954 806 qui
1005 751 1146 804 pariter
1193 752 1450 806 experientiae

149 819 269 860 innixi
302 831 386 858 eam
418 818 576 858 falsitatis
622 829 771 870 arguere
823 815 1035 856 voluerunt.
1117 815 1263 856 Verum
1313 814 1353 854 hi
1401 815 1451 855 ad

149 882 361 922 sditionem
384 911 394 928 ,
430 892 522 932 quae
554 881 594 919 in
626 890 739 918 motu
772 881 964 930 gyratorio
993 878 1173 930 cernitur,
1209 876 1450 931 potiffimum

149 945 416 996 respexerunt:
448 955 544 995 quae
574 952 701 982 autem
735 941 811 982 hoc
844 941 926 981 casu
959 941 1070 993 long-e
1100 941 1204 981 aliter
1235 941 1356 981 motui
1387 952 1450 979 re-

149 1007 255 1053 fistit,
276 1006 331 1044 vti
349 1004 439 1043 infra
457 1004 628 1052 docebo,
650 1005 699 1042 ita
719 1012 763 1041 vt
781 1003 867 1042 hinc
887 1004 982 1043 nulla
1003 1002 1172 1043 obiec'tio
1190 1004 1300 1044 firma
1317 1011 1452 1043 contra

148 1066 314 1118 regulam
344 1066 645 1106 Amontmzianam
679 1065 756 1116 peti
791 1064 916 1117 poffit.
969 1064 1130 1104 Interim
1152 1075 1279 1105 tamen
1316 1075 1456 1118 optan-

151 1129 238 1168 dum
272 1126 393 1180 effer,
427 1137 470 1167 vt
512 1127 602 1168 haec
642 1128 906 1180 experimenta
954 1125 1089 1167 cunc‘ta
1140 1128 1251 1167 omni
1288 1127 1455 1168 adhibita

150 1191 294 1231 solertia
334 1199 575 1244 repetantur,
616 1200 725 1244 atque
768 1202 866 1230 nunc
906 1190 1057 1243 quidem
1100 1201 1174 1243 ope
1212 1190 1459 1245 perfeetionis

151 1253 342 1294 Theoriae
372 1254 418 1293 ab
447 1254 624 1294 omnibus
653 1253 767 1293 dubiis
798 1253 1009 1294 liberentur.

268 1326 302 1373 §.
342 1332 379 1366 8.
414 1324 476 1364 Ex
493 1323 654 1365 formula
671 1326 819 1364 inuenta
839 1336 866 1363 v
884 1334 939 1362 z
955 1311 1075 1382 (ζ’-ἓξ
1106 1333 1262 1378 apparet
1281 1357 1291 1376 ,
1314 1324 1452 1368 frictio.

150 1399 196 1427 ne
228 1387 259 1426 F
293 1398 370 1426 non
403 1387 571 1426 obstante
589 1419 600 1437 ,
633 1399 733 1445 onus!
757 1397 867 1426 motu
887 1388 1122 1428 vniformtei·
1140 1388 1346 1428 accelerato
1367 1402 1453 1442 prO·

149 1459 301 1489 motum
336 1449 379 1488 iri
402 1478 413 1496 ,
447 1449 473 1488 si
501 1448 652 1501 quidem
673 1448 868 1489 resistentia
902 1451 994 1489 aeris
1013 1451 1230 1502 negligatur.
1256 1451 1396 1490 Verum
1419 1454 1458 1491 in

146 1511 217 1552 hac
247 1511 407 1551 formula
439 1511 666 1551 affumfimus
685 1511 768 1552 vim
802 1520 1000 1564 vigentem
1019 1521 1045 1566 p
1070 1521 1255 1564 perpetuo
1290 1514 1452 1554 eandem

144 1576 391 1629 quantitatem
423 1575 584 1614 retinere
603 1607 614 1626 ,
633 1574 706 1615 fiue
741 1582 868 1614 motus
884 1573 994 1615 fuerit
1012 1576 1153 1615 tardior
1171 1574 1244 1615 fine
1263 1576 1417 1616 celerior
1440 1586 1453 1630 3

150 1649 266 1691 quem
285 1638 331 1678 ad
350 1638 507 1678 modum
527 1638 653 1677 euenit
673 1670 683 1688 ,
717 1637 743 1677 fi
777 1639 976 1690 promotio
1009 1648 1084 1692 ope
1118 1639 1292 1690 ponderis
1310 1639 1454 1679 descen—

151 1701 271 1739 dentis
303 1699 515 1747 efficiatur,
548 1702 685 1751 quippe
719 1701 815 1751 quod
854 1702 1005 1751 perinde
1026 1700 1169 1740 trahere
1187 1701 1311 1752 pergit
1331 1734 1341 1752 ‚
1377 1702 1453 1742 siue

150 1762 304 1802 demum
323 1759 541 1800 descendere
560 1762 744 1814 incipiat,
779 1760 850 1800 siue
885 1762 959 1801 iam
994 1763 1223 1802 celei-itatem
1249 1775 1452 1814 quamcun-

151 1835 221 1877 que
253 1822 494 1876 aequifiuerit.
559 1822 622 1863 Sin
658 1833 784 1863 autem
819 1823 906 1863 aliae
941 1826 1036 1864 vires
1068 1824 1339 1878 adhibeantur,
1390 1840 1454 1868 eae

151 1887 372 1940 plerumque
405 1898 453 1925 eo
486 1887 651 1926 minores
682 1886 868 1934 euadunt,
919 1899 994 1939 quo
1027 1888 1178 1928 celerius
1227 1889 1303 1929 iam
1353 1889 1453 1942 ipsae

153 1959 381 1989 monentur:
416 1950 515 2002 quod
546 1949 733 2001 imprimis
765 1950 803 1988 in
839 1949 975 1989 viribus
1008 1950 1212 1991 homin-um
1246 1961 1283 1991 et
1307 1953 1453 1994 anima-

152 2011 245 2052 lium
281 2011 339 2051 vfu
371 2013 502 2062 venit,
536 2025 583 2065 qu
608 2025 628 2051 e
660 2025 735 2064 quo
767 2010 918 2051 celerius
950 2013 1025 2052 iam
1061 2026 1153 2053 onus
1170 2026 1421 2066 promoueant
1440 2048 1451 2068 ,

153 2086 200 2112 eo
235 2074 398 2114 minores
430 2075 525 2114 vires
555 2076 600 2115 ad
637 2087 774 2114 nouam
818 2075 1122 2116 accelerationem
1176 2079 1451 2129 procurandam

155 2148 305 2176 exerere
340 2136 472 2176 valent.
541 2136 608 2178 His
641 2148 730 2190 ergo
759 2137 896 2177 casibus
927 2139 1046 2178 littera
1075 2147 1104 2193 p
1143 2140 1208 2178 erit
1241 2139 1452 2193 variabilis,

152 2207 259 2253 atque
279 2212 299 2240 a
318 2199 503 2241 celeritate
532 2201 609 2242 iam
643 2200 812 2254 acquisita
833 2233 843 2251 ,
877 2199 932 2241 seu
964 2203 1154 2244 altitudine
1194 2204 1229 2243 ei
1267 2204 1391 2244 debita
1422 2216 1451 2244 υ

709 2263 742 2303 L
773 2263 784 2303 l
815 2275 838 2312 3
1309 2268 1451 2319 pende·
