2052 2668
596 165 660 211 IN
690 163 939 212 GENERE.
1362 182 1448 222 257

162 293 242 327 tum
262 317 272 336 ,
306 280 604 324 demonstratum
638 279 689 319 est
721 280 765 319 ad
798 280 1053 332 aequilibrium
1072 278 1315 320 obtinendum
1338 311 1348 330 ‚
1367 283 1449 323 vim

160 351 206 390 ad
241 350 383 401 pondus
413 345 594 385 rationem
642 343 876 395 reciprocam
926 343 1174 384 distantiarum
1225 342 1283 389 ab,
1323 341 1452 397 hypo·

126 416 130 420 ”
159 411 334 452 mochlio
367 420 491 450 tenere
519 417 691 460 oportere
779 406 825 446 ln
859 406 1046 446 Machiuis
1092 416 1217 447 autem
1268 415 1450 461 vtcunque

147 458 372 526 ‘compositis
389 483 436 510 ex
451 470 581 510 iisdem
617 469 806 522 principiis
837 471 1033 522 proportio
1062 470 1158 509 inter
1189 468 1286 509 vires
1318 470 1451 510 sonici-

161 546 278 576 tautes
310 546 349 575 et
381 545 490 573 onera
531 531 724 585 inperanda
744 564 754 582 ,
794 545 861 584 qua
896 533 1154 584 aequilibrium
1171 531 1354 582 efficitur,
1376 546 1453 574 non

158 598 355 638 difficulter
372 595 564 647 definitur·⁷
586 595 725 649 hacque
751 594 1068 633 determinatione
1082 603 1164 641 ,tota
1184 594 1452 638 machinarum

160 661 330 701 traetatio
371 657 510 698 abiomi
543 658 649 697 solet.
731 657 867 695 Altum
904 668 996 694 vero
1027 656 1166 708 vbique
1196 658 1453 710 deprehendi-

156 732 215 763 tur
246 722 425 762 silentium
464 720 510 760 de
544 730 684 770 motu,
717 720 779 771 qui
812 717 950 757 sublato
983 717 1074 758 statu
1111 719 1311 771 aequilibrii
1337 721 1380 761 fit
1410 723 1449 763 in

153 784 362 835 secuturus,
395 783 461 823 nisi
494 784 592 836 quod
627 782 835 835 generatim
869 788 1051 832 notetur,
1101 781 1128 822 fi
1168 783 1223 821 vis
1258 781 1450 824 sollicitans

156 848 277 889 maior
333 846 438 886 fuerit
463 878 474 895 ‚
522 857 634 897 quam
686 843 836 883 effccstio
883 843 1082 895 aequilibrii
1139 844 1269 898 exigat
1297 876 1308 894 ,
1357 857 1453 885 onus

157 918 382 964 promotum
414 907 458 948 iri
477 940 489 960 ,
520 906 546 947 fi
579 906 733 959 quidem
765 906 822 946 vis
869 906 1034 946 fridtioni
1064 907 1173 949 simul
1226 907 1450 963 superandae

154 985 225 1026 par
256 972 313 1012 fit.

304 1035 336 1082 ς.
374 1035 415 1071 6.
438 1033 541 1073 Tum
562 1045 652 1073 vero
675 1032 789 1074 etiam
809 1045 858 1073 ex
877 1034 1003 1074 indole
1019 1043 1056 1073 et
1076 1037 1320 1089 proportione
1337 1037 1454 1091 parti-

155 1109 220 1138 um
233 1094 435 1136 Machinae
445 1095 587 1135 definiri
599 1096 720 1148 potest
732 1130 741 1146 ‚
752 1097 778 1137 fi
797 1099 965 1150 potentia
979 1096 1034 1136 [eu
1054 1099 1211 1147 vis,fiue
1223 1099 1368 1146 trahens
1377 1100 1450 1139 siue

157 1159 298 1213 pellens
317 1190 328 1210 ,
377 1159 460 1198 data
504 1159 691 1198 celeritate
740 1162 994 1212 progrediatur
1021 1191 1032 1210 ‚
1083 1171 1217 1212 quanta
1268 1163 1452 1203 celeritate

153 1221 272 1274 ipsum
304 1232 398 1259 onus
414 1231 692 1272 promoueatur.
734 1222 859 1277 Quam
892 1223 997 1261 enim
1030 1224 1214 1263 rationem
1250 1225 1346 1264 inter
1363 1233 1450 1277 pot-

156 1286 296 1325 entiam
330 1293 367 1322 et
398 1295 492 1323 onus
522 1283 628 1322 status
660 1286 864 1337 aequilibrii
918 1284 1077 1338 postulat
1096 1317 1106 1336 ,
1139 1288 1270 1326 endem
1316 1287 1441 1340 ratio,

152 1345 211 1386 sed
247 1345 389 1386 inuerfii
409 1375 419 1392 ‚
454 1347 549 1385 inter
579 1347 808 1386 celeritatem
846 1349 1034 1400 potentiae
1068 1356 1105 1386 et
1138 1349 1263 1388 oneris
1288 1349 1449 1390 interce·

149 1409 230 1460 dit,
265 1408 504 1459 vndecunque
538 1418 662 1447 motus
702 1409 746 1447 fit
794 1410 991 1461 profectus.
1079 1410 1180 1450 Hinc
1232 1421 1340 1451 notus
1391 1412 1450 1454 ille

148 1470 397 1512 Mechanicae
428 1481 548 1508 canon
582 1470 772 1522 originem
801 1470 913 1510 habet
934 1501 945 1519 ,
987 1482 1065 1523 quo
1098 1474 1293 1524 promotio
1322 1475 1448 1514 oneris

149 1545 199 1573 eo
231 1533 369 1573 tardior
401 1531 470 1571 efle
505 1530 738 1584 affirmatur,
773 1546 848 1586 quo
882 1534 1009 1573 minor
1041 1536 1208 1587 potentin
1243 1536 1288 1575 ad
1322 1538 1450 1588 aequi-

146 1597 297 1637 librium
328 1594 554 1648 requiratur,
587 1595 613 1634 fi
645 1597 796 1648 quidem
832 1597 1119 1649 potentia-data
1153 1598 1341 1638 celeritate
1360 1611 1447 1652 pro·

147 1660 340 1711 gredintur.
405 1657 511 1711 Quae
555 1657 706 1709 regula,
757 1660 820 1699 nisi
871 1661 1044 1712 longius,
1079 1673 1191 1712 quam
1245 1674 1311 1713 par
1360 1663 1442 1713 est,

146 1721 366 1759 extendatur
382 1720 418 1758 in
442 1717 674 1769 dispoiitioue
695 1720 958 1761 Machinarum
991 1721 1094 1774 iiiepe
1127 1724 1312 1762 eximium
1333 1723 1445 1765 habet

148 1782 253 1821 vfiim
273 1813 284 1831 ,
317 1781 377 1819 sed
409 1779 504 1819 nihil
537 1779 678 1830 prorius
708 1783 851 1822 confert
882 1785 925 1823 ad
984 1784 1102 1836 ipfiim
1154 1796 1301 1825 motum
1324 1818 1334 1836 ,
1382 1789 1446 1841 qui

144 1844 285 1883 sublato
325 1843 415 1882 statu
447 1842 653 1894 aequilibrii
694 1857 731 1883 re
754 1858 834 1885 uera
870 1846 1118 1899 subsequitur,
1169 1848 1443 1891 definiendum.

145 1904 245 1946 Cum
286 1906 396 1958 igitur
428 1917 560 1944 omnes
584 1904 782 1947 Machinae
814 1910 857 1949 ad
892 1920 1042 1949 motum
1077 1911 1298 1951 destinentur
1317 1945 1326 1962 ,
1359 1904 1444 1955 nul-4

145 1970 251 2020 laque
281 1967 438 2008 construi
473 1967 611 2017 soleat,
643 1983 733 2022 quae
766 1973 801 2010 in
837 1973 924 2012 statu
956 1973 1159 2025 aequilibrii
1182 1974 1353 2015 effectum
1375 1977 1437 2016 de-

145 2031 342 2070 fideratum
379 2030 530 2084 praestet
552 2043 562 2081 3
584 2034 817 2074 manifestum
856 2036 929 2087 cst,
963 2036 1153 2077 actionem
1188 2047 1224 2076 et
1258 2038 1373 2077 efflet·
1396 2054 1435 2081 m

144 2093 405 2134 machinarum
444 2093 546 2133 nullo
577 2098 696 2135 modo
728 2109 778 2136 ex
820 2100 1038 2140 memoratis
1085 2100 1438 2154 Mechanitatprin-

206 2156 326 2197 Tom.
347 2156 420 2198 111.
443 2155 552 2197 Nov.
574 2154 800 2202 Comment.
991 2163 1024 2205 K
1056 2164 1082 2206 k
1332 2167 1439 2221 cisiis
