2052 2668
586 126 674 175 ²58
981 120 1063 166 DE
1094 118 1397 174 MACHINIS

583 240 690 294 eipiis
720 239 901 295 explicari
936 250 979 280 ac
1018 239 1167 281 definiri
1209 240 1338 295 poffi:
1391 241 1475 283 fitis
1504 241 1610 283 enim
1643 241 1813 297 constat,
1848 245 1893 287 ad

579 314 739 344 motum
774 304 1102 345 determinandum
1136 305 1320 359 principia
1357 307 1563 360 aequilibrii
1609 301 1774 348 minime
1822 302 1894 349 suf-

579 366 699 408 ficere
719 401 730 419 ,
765 366 824 408 ied
856 377 1048 420 praeterea
1081 368 1344 422 cognitionem
1398 371 1527 423 legum
1569 382 1694 411 motus
1725 373 1863 425 requiri
1880 383 1920 424 ,·

581 441 675 484 quae
706 431 781 472 sine
830 431 968 482 amlyfi
1002 431 1208 474 sublimiori
1240 445 1361 489 neque
1392 436 1489 477 tradi
1524 444 1646 489 neque
1688 434 1735 476 ad
1786 428 1892 477 vsum

575 493 763 548 applicari
795 491 967 548 poss‘unt.

695 558 730 607 ξ.
770 570 812 607 7.
847 556 950 600 Cum
983 568 1111 602 autem
1131 570 1237 614 pono
1254 590 1263 610 ,
1280 559 1305 602 fi
1324 558 1434 604 status
1449 560 1651 617 aequilibrii
1683 561 1892 616 cuiuspiam

579 620 789 664 Machinae
812 622 1160 676 spectamnrelatio
1177 626 1273 665 inter
1292 626 1371 666 vim
1393 626 1582 680 potentiae
1601 626 1895 680 protrahentem,

577 695 619 726 et
639 687 721 727 vim
740 688 862 728 oneris
876 689 1106 728 contrariam
1130 720 1141 739 ,
1159 700 1231 742 qna
1251 686 1473 730 Machinam
1494 691 1532 730 in
1551 691 1701 743 plagam
1739 689 1894 743 opposi-

575 758 658 791 tam
679 760 836 790 mouere
854 761 1031 807 cona-tur,
1049 751 1339 803 determinetur,
1359 753 1598 794 manifestum
1616 753 1670 792 est
1687 785 1699 804 ,
1719 753 1896 806 plurimas

574 811 782 856 Machinas
799 826 848 854 ne
866 814 964 855 hanc
981 814 1141 867 quidem
1168 815 1526 854 determinationem
1566 815 1778 856 admittere.
1852 815 1896 858 si

574 877 684 918 enim
701 889 797 917 onus
821 888 900 930 ope
940 875 1148 917 Machinae
1184 874 1470 916 horizontaliter
1487 876 1532 918 sit
1552 878 1863 930 promouendum
1882 910 1895 930 ,

571 939 715 980 nullam
734 952 900 993 vnquam
919 940 992 980 viri
1012 939 1058 980 ad
1070 938 1296 980 Machinam
1317 940 1572 992 repellendam
1587 950 1752 993 exercet,
1761 954 1895 996 quem-

570 1003 785 1045 admodum
816 1004 943 1044 euenit
961 1035 972 1055 ,
1006 1003 1033 1044 si
1065 1002 1213 1056 pondus
1244 1003 1606 1056 perpendiculariter
1651 1003 1789 1045 eleuari
1828 1005 1895 1045 de-

571 1067 693 1120 beat;
722 1066 794 1107 isto
825 1067 937 1120 igitur
1005 1066 1088 1107 casu
1122 1066 1187 1106 vel
1220 1065 1384 1106 minima
1414 1067 1489 1118 vis,
1517 1067 1731 1108 dummodo
1750 1067 1891 1108 frictio-

571 1131 612 1173 ni
646 1130 874 1184 stiperandae
906 1129 1092 1182 sufficiat,
1123 1141 1217 1170 onus
1257 1141 1489 1183 promouere
1539 1129 1714 1181 valebit,
1767 1131 1895 1172 maior

569 1203 700 1235 :tutem
719 1203 871 1236 motum
908 1193 1134 1235 celeriorem
1169 1193 1356 1247 producet
1374 1224 1387 1243 ‚
1421 1205 1536 1247 quam
1575 1192 1705 1233 minor
1725 1226 1736 1246 ‚
1770 1204 1893 1247 neque

568 1258 712 1299 idcirco
780 1257 888 1299 statui
938 1257 1146 1311 aequilibrii
1197 1255 1293 1297 vllus
1341 1256 1447 1298 locus
1494 1256 1722 1311 relinquitur.
1803 1256 1892 1298 Hoc

567 1322 673 1363 idem
707 1322 832 1363 euenit
865 1323 905 1362 in
938 1321 1151 1374 horologiis
1170 1353 1181 1373 ‚
1215 1320 1445 1362 molendinis
1465 1352 1478 1373 ‚
1512 1320 1667 1375 aliisque
1701 1320 1810 1362 huius
1824 1331 1892 1373 ge·

568 1386 668 1426 neris
700 1385 895 1427 Machiuis
913 1417 924 1436 ,
956 1386 995 1425 in
1028 1385 1160 1438 quibus
1190 1384 1287 1424 nulla
1319 1385 1534 1436 cuiusquam
1568 1383 1744 1436 ponderis
1768 1382 1892 1424 eleua-

567 1449 626 1489 tio
659 1448 863 1488 intenditur
882 1479 892 1498 ,
927 1447 987 1488 sed
1020 1447 1146 1488 omnis
1177 1446 1333 1487 effectus
1366 1447 1405 1485 iu
1439 1447 1520 1486 iolo
1552 1444 1756 1487 Machinae
1797 1457 1888 1486 mo-

567 1521 608 1552 tu
641 1511 891 1565 producendo
922 1511 1163 1551 consumitur.
1244 1508 1308 1550 De
1341 1509 1419 1550 hoc
1471 1522 1566 1562 ergo
1619 1508 1888 1550 Machinarum

566 1587 706 1629 genere
740 1575 833 1615 nihil
867 1574 918 1614 cst
937 1606 948 1626 ,
983 1575 1084 1628 quod
1122 1575 1159 1614 in
1191 1574 1333 1626 vulgari
1368 1573 1590 1614 Mechanica
1621 1573 1713 1613 tradi
1744 1582 1889 1626 queat,

567 1649 715 1692 practer
734 1650 882 1679 meram
902 1650 945 1677 ac
965 1638 1104 1678 nudam
1125 1638 1289 1690 partium
1308 1637 1606 1690 descriptionem
1624 1646 1662 1676 et
1679 1648 1887 1689 coagmen-

567 1703 793 1755 tationem3
829 1713 917 1741 cnm
955 1710 1084 1741 tamen
1119 1702 1158 1740 in
1193 1700 1304 1753 praxi
1340 1700 1465 1739 multo
1493 1698 1658 1751 amplior
1697 1707 1736 1738 et
1776 1710 1888 1740 accu-

566 1767 684 1808 ratior
715 1766 887 1819 cognitio
918 1765 1131 1819 requiratur.

701 1824 739 1873 5.
779 1835 819 1871 8.
856 1826 895 1868 Si
929 1830 1033 1869 enim
1054 1828 1100 1868 ad
1135 1836 1280 1868 certum
1313 1824 1519 1880 quemdam
1540 1823 1721 1865 effeetum
1743 1824 1885 1879 produ·

562 1895 724 1935 cendum
759 1892 942 1935 Machina
975 1893 1201 1947 proponitur
1218 1925 1227 1942 ,
1266 1903 1398 1945 parum
1447 1888 1602 1941 quidem
1645 1887 1759 1928 refert
1803 1887 1886 1930 nos·

564 1957 596 1996 ie
617 1988 627 2007 ,
660 1968 795 2011 quauta
829 1957 868 1997 vi
901 1957 946 1998 ad
978 1957 1242 2010 aequilibrium
1275 1951 1569 1996 couleruandum
1603 1965 1701 2006 opus
1740 1951 1813 2004 fit,
1855 1953 1884 1995 fi

561 2023 712 2075 quidem
770 2020 952 2062 Machina
991 2021 1037 2061 ad
1070 2021 1109 2062 id
1140 2031 1256 2073 genus
1297 2017 1513 2072 pertineat,
1554 2017 1594 2056 in
1646 2028 1724 2071 quo
1774 2016 1885 2057 status

559 2085 764 2140 aequilibrii
797 2086 933 2140 datur·r
965 2083 1024 2126 sed
1058 2086 1119 2126 vel
1151 2083 1324 2126 maxime
1371 2082 1522 2123 interest
1553 2079 1657 2123 nosse
1681 2113 1693 2134 ‚
1743 2088 1882 2185 quanta

1713 2155 1757 2185 ce
1773 2152 1881 2185 erita-
