2052 2668
619 178 680 225 nv
713 179 959 229 GENERE.
1361 191 1449 242 2⁶2

265 294 302 345 §-
339 303 408 346 14.
440 292 485 335 In
518 293 596 349 ipffi
627 294 761 335 deinde
812 296 995 338 Machina
1027 293 1105 336 eius
1153 291 1328 338 structura
1347 330 1359 350 ,
1408 307 1448 340 et

150 359 284 400 modus
301 391 312 411 ,
343 371 420 414 quo
451 357 614 410 singulae
634 368 757 411 partes
776 359 869 400 inter
888 361 920 400 se
939 359 1018 400 sunt
1035 370 1228 399 connexae
1246 392 1257 411 ‚
1290 373 1447 415 perpen-

148 423 188 462 di
221 422 364 462 debet:
397 433 448 461 ex
481 420 606 474 quibus
623 452 634 472 ,
668 417 697 460 fi
728 423 836 462 vninfi
878 422 990 476 partis
1037 418 1100 462 vel
1150 417 1270 463 solum
1319 425 1450 477 puniti

149 494 277 526 motus
307 485 413 525 tuerit
442 483 612 535 cognitus
632 516 642 534 ,
675 479 783 525 simul
816 482 994 526 omniurn
1027 484 1251 539 reliquarum
1286 487 1450 539 partium

150 558 276 588 motus
303 547 510 588 innotescet.
580 546 679 587 Hinc
712 560 801 588 cum
833 550 889 588 vis
918 543 1110 588 sollicitans
1157 547 1364 590 Machinae
1405 550 1450 590 fit

147 612 330 664 applicata
347 641 358 661 ‚
391 609 419 649 fi
450 609 613 650 celeritas
643 609 750 663 ipsius
781 609 842 650 vis
873 608 983 650 flierit
1015 609 1162 650 inuenta
1181 641 1193 662 ‚
1225 610 1333 653 simul
1359 624 1448 668 mp-

147 683 205 714 ωε
236 669 450 725 singularum
503 671 705 712 Machinae
751 673 919 725 partium
966 671 1219 725 cognostetur.
1300 674 1450 716 Verum

144 744 329 788 praeterea
359 735 396 774 in
429 745 550 777 motus
584 733 831 787 producitione
863 734 971 788 ipsius
1003 735 1215 787 quantitatis
1234 738 1414 778 materiae
1432 767 1448 788 ,

143 808 193 838 ex
224 810 294 851 qua
325 797 502 839 Machina
536 798 814 850 componitur,
864 799 960 837 ratio
990 797 1042 837 est
1074 796 1277 851 habenda3
1329 811 1448 852 quam

144 860 318 900 inertiam
351 861 457 914 ipsius
489 859 687 899 Machinae
718 858 952 900 vocabimus.
1034 859 1140 900 Haec
1188 861 1356 914 primum
1397 873 1446 903 ex

144 925 345 976 quantitate
379 922 559 962 materiae
591 921 651 961 seu
685 922 852 974 pondere
883 922 1051 975 cuiusque
1096 923 1212 976 partis
1254 924 1305 963 est
1334 925 1447 965 aesti-

144 987 312 1036 mand213
348 994 427 1024 tum
459 994 554 1022 vero
586 994 676 1022 cum
708 982 900 1024 reluctatio
939 985 1087 1034 inertiae
1137 996 1186 1025 eo
1233 987 1358 1040 magis
1407 987 1445 1029 se

142 1055 297 1094 exerat,
329 1058 404 1097 quo
435 1044 594 1084 celerior
627 1045 736 1084 fuerit
768 1055 929 1098 motus;
974 1046 1000 1086 fi
1030 1047 1190 1087 diuerfiie
1241 1048 1446 1090 Machinac

141 1117 262 1159 partes
292 1106 438 1147 diuerfis
472 1106 669 1147 celeritatis
708 1108 880 1160 gradibus
928 1109 1145 1148 moueantur
1165 1140 1176 1160 ,
1227 1109 1322 1150 haec
1372 1113 1446 1152 cir,

143 1170 359 1210 tumst-antia
390 1169 495 1209 fimul
527 1171 564 1210 in
597 1180 827 1223 computum
877 1171 929 1211 est
977 1171 1156 1212 ducenda.
1234 1170 1384 1213 Scilicet
1416 1174 1444 1215 fi

140 1243 277 1271 omnes
309 1231 509 1272 Machinae
542 1242 667 1285 partes
698 1233 861 1273 motibus
892 1233 1040 1287 paribus
1070 1234 1353 1287 Progrediamur
1371 1268 1381 1287 ,
1400 1245 1444 1277 vt

140 1294 237 1334 nulla
270 1294 360 1335 adsit
377 1304 484 1334 motu
502 1296 702 1343 svm-ictas,
737 1295 891 1335 sufficiet
908 1327 920 1347 ‚
954 1296 1071 1349 ipfiim
1106 1298 1286 1337 materiae
1326 1311 1443 1352 quan-

142 1356 288 1396 titatem
308 1359 403 1396 eiusu
421 1358 591 1409 epondus
624 1354 730 1397 noss‘e
753 1373 762 1398 z
797 1359 850 1399 fin
882 1367 1007 1399 autem
1026 1391 1039 1410 ,
1059 1367 1103 1398 vt
1121 1359 1345 1414 plerumque
1363 1359 1409 1402 fit
1424 1393 1440 1413 ‚

139 1427 263 1458 motus
295 1420 498 1470 gyratorius
529 1419 622 1458 circa
655 1431 770 1458 axem
811 1422 1030 1472 quempiam
1082 1431 1278 1472 generetur
1295 1455 1307 1474 ,
1357 1433 1441 1464 tum

139 1489 376 1522 momentum
411 1480 565 1519 inertiae
598 1480 764 1533 respee'tu
803 1480 909 1522 huius
941 1482 1020 1522 axis
1066 1492 1332 1535 computatum
1351 1516 1363 1536 ‚
1398 1486 1441 1525 in

136 1553 265 1585 motus
312 1542 667 1584 determinationem
718 1544 971 1597 ingredietur:
1022 1556 1116 1599 quae
1164 1545 1441 1588 circumstantia

135 1605 239 1659 finepe
270 1607 459 1647 actionem
492 1606 761 1648 Machinarum
794 1608 1041 1649 determinatu
1057 1605 1328 1650 difficillimam
1355 1610 1438 1651 red-

137 1668 227 1708 dere
259 1669 362 1709 solet.
1035 1707 1039 1710 .

254 1729 289 1776 §.
329 1740 398 1777 15.
432 1729 560 1770 Restat
591 1741 684 1783 ergo
714 1743 809 1771 onus
838 1731 1141 1774 confiderandum
1162 1764 1173 1784 ‚
1220 1733 1321 1786 quod
1360 1746 1437 1788 ope

142 1791 341 1833 Machinae
372 1791 592 1845 promoueri
622 1793 730 1833 debet
748 1826 758 1843 ,
791 1793 857 1834 nifi
887 1793 983 1835 forte
1013 1804 1113 1836 totus
1143 1794 1296 1836 effectus
1326 1796 1363 1837 in
1381 1797 1438 1837 so-

140 1855 179 1894 lo
214 1853 415 1896 Machinae
448 1863 556 1895 motu
588 1855 768 1897 consistat.
830 1854 940 1897 Circa
983 1869 1073 1898 onus
1122 1867 1252 1899 autem
1303 1859 1437 1912 primo

139 1918 405 1970 dispiciendum
436 1917 517 1970 est,
548 1925 679 1959 vtrum
711 1919 921 1972 praeditum
956 1919 1000 1961 fit
1033 1920 1072 1959 vi
1097 1918 1318 1962 Machinam
1338 1921 1435 1962 solli-

138 1981 310 2030 citante,
345 1981 401 2021 vti
417 1981 541 2022 euenit
560 2013 571 2032 ,
606 1980 631 2022 fi
662 1982 804 2035 pondus
817 1982 955 2023 eleuari
986 1981 1098 2023 debet
1115 2014 1126 2033 ‚
1158 1995 1205 2024 an
1237 1995 1331 2024 vero
1354 1993 1435 2025 tan-

139 2053 220 2084 tum
253 2045 395 2085 ratione
426 2045 577 2086 inertiae
607 2043 751 2085 astioni
799 2044 1002 2087 Machinae
1052 2045 1282 2098 reluctetur,
1337 2048 1439 2088 velut

137 2107 165 2153 fi
196 2109 346 2162 pondus
375 2106 576 2151 secundum
605 2107 856 2153 directionem
881 2106 1167 2153 'horizontalem
1211 2109 1257 2214 Γιιξ
1287 2120 1434 2162 protra-

1011 2185 1015 2189 ·
1258 2173 1397 2216 endum
1419 2187 1431 2216 ε
