2052 2668
703 176 736 234 >l
770 188 826 230 33
859 174 889 234 l(

145 307 226 337 non
243 291 392 335 difficile
416 290 469 332 est
485 288 669 332 eiusmodi
699 289 1003 331 mechaniamum
1028 287 1227 339 adiungere
1248 319 1260 339 ‚
1288 295 1365 338 quo
1382 286 1454 326 ob·

140 360 245 401 icero
264 358 335 399 siue
353 368 374 396 a
394 355 466 397 sole
486 388 497 408 ,
518 355 543 396 si
563 368 584 396 a
605 354 747 396 lumine
766 354 927 409 plurium
949 355 1170 407 lampadum
1191 363 1263 405 cpe
1287 350 1452 404 speculo-

141 435 226 464 rum
246 423 451 463 lentiumue
486 432 742 462 connexarum
777 419 1005 461 illuminatio
1038 415 1278 472 quantumuis
1312 425 1449 468 magna

137 486 262 528 induci
291 495 416 539 queat.
1394 525 1400 534 ἱ

252 550 420 591 Assumta
477 561 597 602 porto
648 561 720 603 pro
769 547 920 601 cognita
969 544 1108 585 obiecti
1169 542 1447 582 illuminatione

138 614 286 656 Aneros
316 624 386 666 per
418 611 629 654 Theoti-am
665 612 819 665 inquirit
851 613 889 650 in
918 608 1158 662 splendorem
1202 605 1258 645 seu
1302 605 1451 659 quanti-

139 687 256 717 tatem
299 675 450 716 luminis
471 708 482 727 ‚
516 690 591 730 quo
623 677 699 730 ipsa
737 677 866 727 imago
898 686 967 727 pet
999 673 1143 712 lentem
1184 667 1452 721 resi-ingentem

137 740 305 794 exprimi
348 739 511 781 debeat:
544 740 716 793 huncque
748 738 981 791 splendorem
1003 768 1014 787 ,
1064 747 1153 774 cum
1190 745 1267 772 non
1317 734 1452 772 admo-

139 804 230 844 dum
266 802 369 844 fortis
401 804 564 844 obtineri
596 813 732 857 queat,
755 814 843 841 cum
878 801 1017 841 lumine
1037 831 1048 850 ,
1080 810 1159 851 quo
1191 797 1313 850 ipsum
1344 795 1452 836 obie-

141 867 249 907 &um
282 879 303 906 a
322 865 428 907 Luna
446 866 554 920 plena
574 866 848 907 collustraretur
865 897 876 915 ‚
895 874 1089 917 comparat
1105 892 1116 911 ,
1135 863 1255 914 sicque
1294 859 1424 900 lumen
1440 892 1451 911 ,

141 943 216 984 quo
250 930 379 982 imago
411 932 543 983 quouis
574 930 655 971 casu
673 931 716 970 sit
734 928 945 982 apparitura
966 940 986 967 a
1013 927 1130 979 priori
1171 924 1319 965 definit.
1387 922 1453 963 Ad

140 1005 277 1034 omnes
316 1002 444 1032 autem
466 992 532 1033 has
550 992 906 1046 repraesentationes
932 990 1143 1030 vnicalente
1168 999 1342 1028 connexa
1374 987 1452 1026 vti-

137 1066 227 1106 tur‚
262 1056 441 1109 quoniam
473 1055 636 1096 inuerfio
668 1054 842 1109 imaginis
872 1053 966 1093 nihil
999 1053 1145 1092 turbare
1174 1051 1231 1090 est
1256 1050 1449 1100 censenda,

135 1132 283 1175 praeter
314 1132 426 1174 quam
459 1121 561 1172 quod
598 1118 673 1173 ipsa
701 1117 848 1159 obiecta
869 1117 933 1157 situ
964 1117 1112 1155 inuerso
1137 1125 1332 1168 exponere
1350 1113 1448 1154 licet.

253 1184 326 1224 Pro
361 1184 617 1235 magnitudine
650 1192 778 1223 autem
811 1180 1046 1220 obieetomm
1066 1212 1078 1231 ,
1110 1191 1205 1233 quae
1235 1176 1450 1231 repraesen-

141 1247 210 1286 tari
245 1247 381 1284 debent
401 1277 412 1295 ,
460 1255 500 1284 et
533 1247 679 1285 ratione
711 1244 1031 1296 multiplicationis
1064 1243 1102 1283 in
1137 1242 1304 1295 imagine
1336 1239 1455 1280 fiictae

142 1319 296 1362 quatuor
328 1307 526 1358 praecipua
558 1307 771 1346 huiusmodi
806 1305 1074 1346 Machinamm
1126 1316 1265 1357 genera
1316 1303 1452 1344 consti-

141 1371 241 1410 tuit:
277 1380 438 1422 quorum
474 1369 643 1420 primum
677 1368 730 1407 est
758 1364 1095 1408 accommodatum
1134 1368 1179 1405 ad
1213 1366 1363 1406 obieeta
1391 1365 1454 1406 sex

141 1433 279 1488 pedum
323 1431 656 1485 repraesentanda,
693 1430 892 1471 secundum
923 1430 969 1469 ad
1003 1428 1152 1469 obiecta
1184 1428 1295 1468 Vnius
1325 1428 1452 1481 pedis,

140 1497 292 1537 tertium
325 1496 485 1535 duorum
520 1495 727 1548 digitorum
751 1527 762 1546 ,
794 1504 833 1534 et
862 1503 1035 1546 quartum
1064 1493 1223 1533 duarum
1243 1492 1421 1532 linearum
1441 1524 1453 1546 ‚

143 1572 304 1613 quorum
339 1559 516 1599 vltimum
549 1559 698 1599 ratione
747 1558 829 1598 vsus
860 1557 987 1599 vicem
1038 1556 1276 1608 microscopii
1328 1554 1453 1596 solaris

140 1623 307 1663 sustinere
347 1622 493 1676 potest,
523 1623 647 1675 priora
679 1633 772 1661 vero
802 1621 963 1662 totidem
999 1620 1157 1661 laternas
1176 1619 1341 1672 magicas
1359 1631 1452 1658 cona

142 1688 248 1728 suetis
279 1687 396 1727 multo
427 1686 707 1739 praestantiores
740 1685 910 1726 referent.
985 1684 1031 1725 In
1071 1683 1239 1738 quoliket
1289 1683 1448 1736 denique

145 1762 279 1802 genere
311 1750 454 1790 Auctor
487 1759 565 1790 tam
601 1750 901 1803 magnitudinem
934 1761 1049 1803 quam
1083 1757 1292 1801 aperturam
1343 1746 1450 1786 lentis

146 1813 319 1852 maxime
357 1814 515 1852 idoneae
562 1813 712 1853 sollicite
751 1814 1005 1861 determinat,
1054 1812 1234 1864 simulque
1274 1810 1450 1863 splendo-

145 1887 228 1916 rem
281 1875 483 1927 imaginis,
535 1877 598 1928 qui
656 1876 806 1917 cuilibet
860 1874 1169 1930 multiplicationi
1219 1876 1449 1924 conueniat,

146 1938 296 1992 assignat
327 1940 511 1979 rationem
544 1938 679 1979 scilicet
709 1940 788 1980 eius
817 1940 862 1980 ad
896 1939 1131 1992 splendorem
1151 1938 1259 1992 ipsius
1275 1937 1411 1978 obieffi
1435 1948 1449 1990 3

147 2004 198 2042 ita
230 2012 269 2041 vt
303 2002 446 2043 nullum
481 2001 634 2043 dubium
668 2002 847 2056 superesse
878 2003 1077 2054 videatur,
1116 2002 1204 2056 quin
1238 2001 1452 2055 praeceptis

147 2064 326 2107 Auctoris
345 2065 460 2119 probe
479 2065 674 2106 obseruatis
693 2079 768 2106 non
787 2069 1060 2109 contemnenda
1081 2065 1189 2107 huius
1214 2065 1357 2119 generis
1389 2065 1450 2104 in-

148 2129 349 2171 strumenta
368 2140 446 2170 tam
465 2132 511 2172 ad
528 2131 730 2173 vtilitatem
742 2144 854 2187 quam
864 2131 1152 2175 delectationem
1169 2131 1290 2187 parari
1299 2136 1447 2184 queant.

821 2207 845 2234 e
1374 2191 1446 2231 His
