2052 2668
123 184 206 228 DE
225 181 396 227 MOTV
413 177 728 226 TAVTOCHR.
743 180 987 224 PENDVL.
1002 179 1038 225 C
1040 182 1132 225 OM
1136 183 1261 225 POSI
1266 185 1310 226 T.
1325 199 1346 224 2
1358 194 1412 236 87

118 295 179 336 sub
210 296 339 349 quibus
371 295 436 336 iste
455 287 805 335 ‘tautochronismus
837 294 965 335 locum
999 293 1139 346 habet,
1184 293 1304 348 probe
1335 295 1416 336 sunt

118 360 306 399 notandae
326 391 338 411 ,
370 370 419 398 ne
449 357 536 398 huic
568 356 819 410 propofitioni
851 358 891 397 in
923 357 958 396 se
990 357 1202 400 veriffimae
1235 356 1318 409 plus
1350 359 1417 397 tri-

117 421 251 462 buatur
271 453 282 473 ‚
316 433 428 474 quam
460 420 784 461 demonstrationis
817 421 876 461 vis
909 419 1059 461 euincit.
1122 420 1294 461 Primum
1347 421 1418 473 igi-

116 493 177 525 tur
210 483 352 524 neceffi:
381 483 461 533 est,
492 492 536 523 vt
569 493 697 523 motus
727 482 794 523 fiat
825 484 865 523 in
898 484 1031 524 medio
1072 495 1149 523 non
1197 482 1384 523 refistente
1403 515 1415 534 ,

114 547 177 587 fleu
208 548 247 587 in
280 547 396 600 spatio
426 547 472 586 ab
507 547 613 586 omni
648 547 804 586 materia
834 557 987 586 vacuo:
1022 546 1156 586 deinde
1186 558 1265 585 non
1292 546 1417 586 minus

114 609 313 663 requiritur
329 639 340 659 ,
372 617 416 648 vt
448 608 652 661 pendulum
683 608 728 648 fit
760 607 928 659 fimplex
954 639 964 658 ,
997 607 1056 647 seu
1089 618 1134 648 vt
1164 616 1243 648 tota
1272 609 1418 661 pendu-

114 672 144 712 li
175 671 283 712 maffi
315 671 355 710 in
390 683 469 711 vno
500 672 596 724 quafi
629 670 776 723 punito
806 669 967 709 collecta
999 670 1160 710 existat:
1205 663 1416 711 cuiusmodi

111 733 318 787 pendulum
351 732 432 774 satis
482 734 617 773 exact-e
669 731 874 772 exhibetur
893 762 906 782 ‚
957 731 986 771 ss
1017 732 1187 783 globulus
1235 733 1417 773 minimus

112 795 292 850 fimulque
322 795 554 847 grauissimus
583 808 661 848 ope
691 794 747 835 fili
775 794 980 835 tenuissimi
1012 804 1050 834 et
1082 794 1248 834 leuissimi
1266 826 1277 844 ,
1315 797 1417 836 cuius

111 859 263 912 pondus
293 869 383 911 prae
414 859 593 909 grauitate
626 857 770 910 globuli
787 857 981 896 euanescat
1000 888 1012 906 ,
1044 857 1294 910 suspendatur.

225 921 260 969 §.
298 930 337 967 3.
370 919 453 960 Nifi
482 919 597 973 igitur
629 928 709 959 tam
742 919 862 958 medii
893 919 1095 959 resistentia
1115 949 1126 968 ,
1161 919 1199 958 in
1232 930 1308 972 quo
1330 931 1413 958 mo-

111 989 170 1022 tus
218 981 408 1035 peragitur
425 1011 436 1031 ‚
488 981 599 1021 fuerit
629 981 730 1021 nulla
747 1011 758 1031 ,
792 993 906 1033 quam
938 979 1055 1022 massa
1105 981 1217 1034 ipfius
1265 981 1416 1033 penduli

107 1043 211 1095 quafi
246 1043 396 1082 infimte
426 1054 539 1099 parua
562 1073 574 1092 ,
625 1044 684 1082 vti
715 1042 757 1081 in
788 1042 960 1083 Theoria
999 1043 1195 1083 assumitur
1211 1074 1222 1093 ‚
1272 1043 1416 1083 oscilla-

108 1104 231 1145 tiones
269 1103 411 1144 etiamfi
441 1104 479 1145 in
512 1104 683 1156 cycloide
717 1104 950 1145 absoluantur
966 1136 977 1155 ,
1018 1113 1146 1144 tamen
1177 1115 1259 1143 non
1306 1114 1414 1144 erunt

109 1165 342 1215 isochronae.
406 1166 532 1223 Quare
557 1179 649 1208 cum
678 1168 721 1207 in
751 1167 815 1207 vsu
844 1167 1136 1221 horologiorum
1168 1178 1290 1219 neque
1321 1168 1414 1207 aeris

109 1228 310 1271 refistentia
339 1228 427 1269 tolli
458 1238 570 1284 queat
586 1261 598 1280 ,
627 1239 749 1282 neque
799 1230 987 1270 eiusmodi
1035 1229 1196 1282 pendula
1243 1228 1412 1270 adhiberi

106 1290 275 1344 poffint,
316 1303 412 1346 quae
452 1305 527 1345 pro
573 1290 800 1345 fimplicibus
844 1291 972 1332 haberi
1021 1290 1131 1331 liceat
1149 1323 1161 1343 ‚
1209 1290 1261 1331 ob
1309 1290 1410 1332 hane

59 1402 62 1405 ‚
107 1353 304 1407 duplicem
344 1356 491 1395 causam
524 1354 604 1394 satis
642 1354 886 1407 perspicuum
933 1353 1012 1404 est,
1064 1353 1141 1394 hoc
1189 1351 1271 1393 casu
1321 1365 1409 1395 eam

106 1415 294 1466 cycloidis
328 1418 634 1469 proprietatem,
684 1428 776 1469 quae
822 1424 969 1456 tantum
1002 1427 1076 1467 pro
1106 1415 1277 1468 pendulis
1313 1416 1411 1457 fim-

105 1478 264 1531 plicibus
295 1477 336 1517 in
365 1478 490 1530 spatio
540 1489 664 1518 vacuo
713 1476 766 1517 est
815 1477 1068 1518 demonstmta
1087 1508 1098 1527 ,
1147 1477 1274 1517 locum
1325 1489 1407 1519 non

105 1540 265 1593 amphus
328 1541 529 1581 inuenire:
595 1551 717 1593 neque
786 1539 875 1580 ideo
948 1538 1164 1579 huiusmodi
1219 1540 1407 1592 ‘pendulo-

103 1614 186 1642 πεπυ
235 1601 482 1644 ose-illationes
531 1601 613 1644 fore
651 1602 876 1644 isochronas.
921 1601 1035 1645 Hunc
1067 1602 1185 1642 etiam
1217 1600 1405 1644 defestum

103 1664 181 1716 ipssi
220 1666 456 1716 experientia
488 1678 565 1704 non
599 1664 749 1705 obscure
781 1664 956 1705 indicasse
998 1665 1145 1704 videtur
1163 1695 1174 1713 ,
1214 1676 1303 1704 cum
1345 1677 1405 1705 ar-

106 1724 228 1765 tifices
278 1726 381 1765 vsum
414 1726 595 1777 cycloidis
623 1727 671 1765 ad
704 1735 827 1766 motus
866 1726 1159 1778 horologiorum
1200 1726 1404 1766 moderan-

106 1787 177 1827 dos
205 1799 304 1828 nunc
334 1788 413 1828 stre
439 1789 589 1841 penitus
620 1789 909 1841 repudiauerint.

254 1851 289 1899 5.
323 1865 366 1900 4.
399 1851 516 1907 Quod
549 1851 699 1902 quidem
732 1851 776 1890 ad
809 1851 1069 1891 difficu'tatem
1104 1862 1123 1889 a
1162 1851 1277 1890 medii
1317 1850 1405 1893 refi-

108 1912 239 1953 stentia
270 1914 469 1954 oriundam
501 1914 663 1964 attinet,
701 1915 883 1967 quoniam
917 1927 961 1953 ea
994 1913 1046 1952 ob
1077 1913 1169 1952 aeris
1206 1914 1399 1954 raritatem

106 1975 214 2016 valde
245 1976 298 2016 est
330 1988 470 2029 parua,
522 1988 566 2016 ea
598 1976 672 2016 fine
711 1977 864 2016 notabili
896 1988 1024 2016 errore
1071 1975 1208 2028 negligi
1259 1974 1396 2028 posset.

106 2037 265 2079 Interim
298 2041 426 2079 tamen
475 2035 710 2081 Geometrae
741 2040 781 2077 in
813 2051 858 2078 ea
904 2039 1104 2092 superanda
1146 2037 1274 2078 multo
1312 2051 1397 2078 ηια-

105 2101 161 2152 gis
189 2102 465 2143 elaborauetunt
482 2133 493 2155 ‚
525 2114 638 2156 quam
670 2101 708 2141 in
740 2101 852 2142 altera
868 2134 880 2154 ,
911 2114 1005 2156 quae
1039 2110 1168 2142 tamen
1208 2101 1259 2141 vti
1298 2113 1396 2143 mox

1313 2163 1394 2205 sum
