2052 2668
586 123 645 159 26
648 128 675 161 0
1071 120 1156 166 DE
1189 120 1484 172 MAC'HINIS

585 245 679 288 ergo
711 233 878 276 celeritas
909 235 1127 278 eleuationis
1156 238 1203 280 ad
1232 249 1377 282 certum
1411 253 1531 296 vsque
1561 240 1800 294 longitudinis
1817 236 1894 281 terss

584 300 732 338 minum
754 332 764 351 ,
806 312 919 353 quem
954 300 980 341 si
1012 303 1322 357 transgrediatur,
1360 307 1495 346 iterum
1538 303 1730 346 decrescat.
1803 305 1893 346 Me·

586 362 660 401 rito
713 375 803 417 crgo
855 365 1018 417 quaestio
1067 366 1292 420 instituitur,
1341 370 1488 423 quoties
1538 369 1682 410 radium
1730 368 1793 410 alti
1806 381 1892 409 rum

582 425 794 477 long‘orcm
846 427 964 468 altero
1012 430 1184 471 constitui
1231 442 1434 486 oporteat,
1481 443 1523 473 vt
1573 445 1668 474 onus
1716 432 1888 473 citissime

578 487 753 530 eltuettir.
1039 523 1045 528 -
1861 542 1863 544 .

718 558 738 607 §
796 568 862 595 10.
896 556 1140 614 Quantopere
1171 570 1296 601 autem
1328 560 1422 603 haec
1452 562 1613 616 aliaeque
1643 561 1748 602 huius
1778 570 1891 614 gene·

579 617 627 656 ris
657 620 918 678 quaestiones,
960 634 1052 675 quae
1100 623 1145 663 ad
1198 635 1326 665 veram
1379 625 1644 667 Machinarnm
1680 624 1890 664 Theoi-iam

578 683 743 722 omniuo
776 685 826 723 ita
861 686 1073 738 pertinent,
1106 695 1147 726 vt
1182 686 1247 728 nisi
1281 700 1345 728 eae
1379 689 1507 730 resolui
1539 698 1677 743 queant
1697 720 1707 738 ,
1758 688 1794 726 T
1799 688 1888 727 hco-

572 745 628 784 ria
664 747 838 788 maxime
870 748 1093 802 imperiecta
1125 749 1264 790 centeri
1296 752 1456 803 debeat,
1490 752 1709 791 communis
1732 748 1891 791 Mecha·

575 808 680 849 nicae
715 810 853 851 limites
887 813 1223 864 transgrediantur,
1254 813 1442 864 quilibet,
1475 814 1539 865 qui
1573 813 1634 852 vel
1663 814 1817 852 allatum
1837 813 1890 853 le·

573 883 619 912 ue
653 874 881 926 exemplum
917 873 1097 913 attentius
1132 876 1392 927 perpenderit,
1425 873 1530 914 facile
1562 873 1746 928 agnoscet.
1813 874 1891 915 Ni·

575 935 628 974 hil
661 937 764 975 euim
800 939 944 989 prorius
978 937 1016 976 in
1050 937 1226 978 omnibus
1259 937 1387 988 libris,
1423 940 1485 991 qui
1518 937 1721 990 gloriosum
1751 937 1891 978 Theo-

573 999 650 1038 riae
699 998 967 1040 Machiuarum
1029 1001 1178 1040 titulum
1237 1011 1325 1053 prae
1358 1002 1393 1040 {e
1412 1000 1562 1052 ferunt,
1595 1001 1756 1040 inueniet
1777 1032 1788 1052 ,
1818 1013 1895 1054 quo

575 1061 631 1102 isti
668 1062 869 1115 quaestioni
906 1063 986 1103 vllo
1018 1064 1141 1104 modo
1180 1062 1380 1104 satisfacere
1414 1064 1542 1118 pollet.
1627 1062 1751 1115 Magis
1800 1074 1894 1116 ergo

573 1125 684 1165 ardua
742 1126 792 1166 est
826 1126 918 1166 haec
969 1127 1162 1180 quaestio,
1201 1139 1240 1167 et
1287 1139 1374 1168 cum
1428 1127 1595 1179 vulgaria
1643 1126 1891 1166 mechanicae

575 1199 776 1243 praecepta
808 1189 880 1230 huc
916 1190 1008 1231 nihil
1048 1190 1267 1242 conferant,
1310 1192 1354 1231 ad
1391 1189 1579 1231 Mathesiu
1632 1187 1890 1230 sublimiorem

575 1251 718 1292 dietam
753 1253 804 1294 cst
837 1253 1132 1307 confugiendum
1155 1287 1166 1304 ,
1198 1255 1237 1294 in
1271 1267 1341 1308 qua
1374 1267 1460 1295 curn
1497 1266 1576 1292 nou
1619 1253 1738 1293 lblum
1782 1264 1890 1293 verae

574 1326 698 1356 motua
728 1316 828 1370 leges
860 1318 1125 1371 explicentur,
1160 1318 1218 1358 sed
1255 1319 1372 1358 etiam
1406 1319 1451 1358 ad
1485 1318 1635 1370 quosuis
1653 1319 1754 1356 caius
1773 1347 1783 1365 ,
1809 1317 1891 1368 qui-

573 1381 638 1420 bus
672 1390 797 1421 motus
829 1383 1076 1433 producitur,
1106 1393 1181 1433 ope
1211 1382 1341 1420 calculi
1383 1381 1618 1420 infinitorum
1662 1388 1890 1418 accommo-

572 1442 743 1496 denuit,
776 1455 819 1482 ea
853 1442 925 1483 sola
957 1455 1069 1482 veros
1102 1443 1210 1482 nobis
1241 1445 1386 1495 aperiet
1420 1442 1540 1481 fontes
1559 1473 1569 1491 ,
1613 1452 1663 1480 cx
1683 1439 1814 1492 quibus
1831 1439 1888 1480 so-

573 1506 760 1546 lutionem
793 1505 1005 1546 huiusmodi
1038 1505 1293 1559 quaestionum
1327 1505 1473 1545 haurire
1491 1504 1609 1544 liceat.
1677 1503 1792 1559 Quod
1813 1514 1888 1555 quo

570 1569 708 1610 facilius
740 1568 821 1608 fieri
865 1568 1006 1622 poss'it,
1059 1570 1254 1621 praecipua
1308 1579 1394 1608 ante
1442 1577 1675 1617 momenta,
1725 1568 1886 1619 quaein

571 1633 749 1673 omnibus
782 1631 968 1672 Machinis
986 1643 1183 1671 occurrunt
1205 1663 1215 1681 ,
1234 1633 1430 1684 diligenter
1448 1631 1657 1670 examinari
1679 1662 1689 1679 ,
1715 1639 1751 1669 et
1770 1642 1888 1681 quan·

570 1705 654 1735 tum
690 1694 824 1748 singula
856 1695 900 1734 ad
936 1704 1086 1734 motum
1122 1707 1210 1733 cum
1244 1693 1543 1746 promoucndum
1565 1702 1647 1731 tum
1677 1692 1888 1743 impedien-

570 1759 666 1799 dum
701 1758 856 1798 afferant
879 1789 890 1808 ,
925 1758 1049 1796 ledulo
1079 1758 1313 1796 determinari
1356 1756 1567 1795 conueniet.
1651 1753 1731 1794 Hac
1782 1755 1886 1794 enim

570 1822 791 1862 nmatione
826 1818 1024 1875 praemissa
1063 1834 1139 1861 uon
1172 1821 1370 1860 difficulter
1402 1819 1528 1858 omnis
1560 1818 1705 1870 generis
1736 1815 1888 1858 Machi-

571 1897 642 1924 nac
673 1885 718 1926 ad
749 1884 932 1926 calculum
966 1886 1163 1935 reuocari,
1198 1895 1398 1937 carumque
1432 1880 1588 1921 effectus
1618 1890 1786 1920 accurate
1818 1882 1886 1921 de-

570 1947 669 1989 finiri
702 1958 893 2001 poterunt.

689 2006 725 2053 §.
768 2024 835 2052 11.
871 2011 914 2052 ln
949 2013 1056 2052 omni
1093 2023 1219 2053 antem
1257 2009 1434 2052 Machina
1468 2019 1539 2049 tres
1569 2021 1626 2048 res
1659 2007 1740 2047 suut
1762 2007 1883 2049 confi·

571 2075 783 2118 derandae:
817 2076 949 2131 primo
979 2077 1112 2118 scilicet
1147 2077 1204 2118 vis
1221 2108 1232 2128 ,
1266 2086 1359 2130 quac
1393 2072 1596 2116 Machinae
1630 2082 1780 2113 motum
1824 2072 1882 2112 in-

1743 2134 1846 2175 ducit
1868 2146 1882 2189 3
