<?xml version="1.0" encoding="UTF-8"?>
<!DOCTYPE html PUBLIC "-//W3C//DTD XHTML 1.0 Transitional//EN"
    "http://www.w3.org/TR/xhtml1/DTD/xhtml1-transitional.dtd">
<html xmlns="http://www.w3.org/1999/xhtml" xml:lang="en" lang="en">
 <head>
  <title>
</title>
<meta http-equiv="Content-Type" content="text/html;charset=utf-8" />
  <meta name='ocr-system' content='tesseract 3.04.00' />
  <meta name='ocr-capabilities' content='ocr_page ocr_carea ocr_par ocr_line ocrx_word'/>
</head>
<body>
  <div class='ocr_page' id='page_1' title='image "./novicommentariac03impe_0185.png"; bbox 0 0 2052 2668; ppageno 0'>
   <div class='ocr_carea' id='block_1_1' title="bbox 542 202 1435 262">
    <p class='ocr_par' dir='ltr' id='par_1_1' title="bbox 542 202 1435 262">
     <span class='ocr_line' id='line_1_1' title="bbox 542 202 1435 262; baseline 0.012 -14"><span class='ocrx_word' id='word_1_1' title='bbox 542 202 943 251; x_wconf 83' lang='lat' dir='ltr'><em>NVMERORVM.</em></span> <span class='ocrx_word' id='word_1_2' title='bbox 975 226 980 262; x_wconf 51' lang='grc' dir='ltr'>ζ</span> <span class='ocrx_word' id='word_1_3' title='bbox 1347 222 1435 260; x_wconf 76' lang='grc'>139</span> 
     </span>
    </p>
   </div>
   <div class='ocr_carea' id='block_1_2' title="bbox 136 316 1442 1497">
    <p class='ocr_par' dir='ltr' id='par_1_2' title="bbox 136 316 1441 811">
     <span class='ocr_line' id='line_1_2' title="bbox 137 316 1441 372; baseline -0.004 -9"><span class='ocrx_word' id='word_1_4' title='bbox 137 333 195 363; x_wconf 84' lang='lat' dir='ltr'>tes</span> <span class='ocrx_word' id='word_1_5' title='bbox 224 319 425 372; x_wconf 76' lang='lat' dir='ltr'>inaequales</span> <span class='ocrx_word' id='word_1_6' title='bbox 444 349 456 369; x_wconf 87' lang='lat'>‚</span> <span class='ocrx_word' id='word_1_7' title='bbox 507 319 690 358; x_wconf 79' lang='lat' dir='ltr'>reducitur</span> <span class='ocrx_word' id='word_1_8' title='bbox 714 318 764 358; x_wconf 70' lang='lat' dir='ltr'>ad</span> <span class='ocrx_word' id='word_1_9' title='bbox 806 318 1026 359; x_wconf 78' lang='lat' dir='ltr'>solutionem</span> <span class='ocrx_word' id='word_1_10' title='bbox 1065 317 1155 358; x_wconf 81' lang='lat' dir='ltr'>alius</span> <span class='ocrx_word' id='word_1_11' title='bbox 1193 316 1441 358; x_wconf 76' lang='lat' dir='ltr'>Problematis</span> 
     </span>
     <span class='ocr_line' id='line_1_3' title="bbox 141 381 1438 438; baseline -0.002 -14"><span class='ocrx_word' id='word_1_12' title='bbox 141 387 218 425; x_wconf 84' lang='lat' dir='ltr'>iam</span> <span class='ocrx_word' id='word_1_13' title='bbox 251 382 351 436; x_wconf 84' lang='lat' dir='ltr'>supra</span> <span class='ocrx_word' id='word_1_14' title='bbox 371 381 664 422; x_wconf 63' lang='lat' dir='ltr'>commemorati·</span> <span class='ocrx_word' id='word_1_15' title='bbox 684 412 695 431; x_wconf 85' lang='lat'>,</span> <span class='ocrx_word' id='word_1_16' title='bbox 734 393 808 433; x_wconf 88' lang='lat' dir='ltr'>quo</span> <span class='ocrx_word' id='word_1_17' title='bbox 836 383 1037 437; x_wconf 73' lang='lat' dir='ltr'>quaeritur,</span> <span class='ocrx_word' id='word_1_18' title='bbox 1073 391 1162 434; x_wconf 89' lang='lat' dir='ltr'>quot</span> <span class='ocrx_word' id='word_1_19' title='bbox 1180 382 1289 438; x_wconf 66' lang='lat' dir='ltr'>variis</span> <span class='ocrx_word' id='word_1_20' title='bbox 1317 382 1438 421; x_wconf 73' lang='lat' dir='ltr'>modis</span> 
     </span>
     <span class='ocr_line' id='line_1_4' title="bbox 136 443 1438 503; baseline -0.002 -18"><span class='ocrx_word' id='word_1_21' title='bbox 136 445 296 501; x_wconf 77' lang='lat' dir='ltr'>quilibet</span> <span class='ocrx_word' id='word_1_22' title='bbox 324 457 504 486; x_wconf 82' lang='lat' dir='ltr'>uumerus</span> <span class='ocrx_word' id='word_1_23' title='bbox 529 456 588 484; x_wconf 84' lang='lat' dir='ltr'>ex</span> <span class='ocrx_word' id='word_1_24' title='bbox 613 444 759 503; x_wconf 73' lang='lat' dir='ltr'>aliquot</span> <span class='ocrx_word' id='word_1_25' title='bbox 797 445 968 484; x_wconf 80' lang='lat' dir='ltr'>terminis</span> <span class='ocrx_word' id='word_1_26' title='bbox 1013 445 1119 486; x_wconf 87' lang='lat' dir='ltr'>huius</span> <span class='ocrx_word' id='word_1_27' title='bbox 1169 443 1438 496; x_wconf 79' lang='lat' dir='ltr'>progreffionis</span> 
     </span>
     <span class='ocr_line' id='line_1_5' title="bbox 142 506 1435 561; baseline -0.004 -10"><span class='ocrx_word' id='word_1_28' title='bbox 142 508 418 551; x_wconf 79' lang='lat' dir='ltr'>Arithmeticae</span> <span class='ocrx_word' id='word_1_29' title='bbox 471 519 490 546; x_wconf 88' lang='lat'>1</span> <span class='ocrx_word' id='word_1_30' title='bbox 514 539 526 559; x_wconf 86' lang='lat'>‚</span> <span class='ocrx_word' id='word_1_31' title='bbox 564 519 627 557; x_wconf 68' lang='lat'>2,</span> <span class='ocrx_word' id='word_1_32' title='bbox 687 519 709 556; x_wconf 85' lang='lat'><strong>3</strong></span> <span class='ocrx_word' id='word_1_33' title='bbox 735 539 745 558; x_wconf 87' lang='lat'>,</span> <span class='ocrx_word' id='word_1_34' title='bbox 776 521 835 558; x_wconf 76' lang='lat'>4,</span> <span class='ocrx_word' id='word_1_35' title='bbox 871 517 892 555; x_wconf 86' lang='lat'>5</span> <span class='ocrx_word' id='word_1_36' title='bbox 916 529 940 558; x_wconf 90' lang='lat'>,·</span> <span class='ocrx_word' id='word_1_37' title='bbox 989 515 1068 548; x_wconf 88' lang='lat' dir='ltr'>etc.</span> <span class='ocrx_word' id='word_1_38' title='bbox 1114 518 1185 561; x_wconf 88' lang='lat' dir='ltr'>per</span> <span class='ocrx_word' id='word_1_39' title='bbox 1201 506 1435 546; x_wconf 73' lang='lat' dir='ltr'>additionem</span> 
     </span>
     <span class='ocr_line' id='line_1_6' title="bbox 142 560 1436 625; baseline -0.002 -14"><span class='ocrx_word' id='word_1_40' title='bbox 142 572 296 625; x_wconf 87' lang='lat' dir='ltr'>produci</span> <span class='ocrx_word' id='word_1_41' title='bbox 327 570 448 623; x_wconf 80' lang='lat' dir='ltr'>possit.</span> <span class='ocrx_word' id='word_1_42' title='bbox 529 569 682 623; x_wconf 83' lang='lat' dir='ltr'>Hacque</span> <span class='ocrx_word' id='word_1_43' title='bbox 717 570 921 622; x_wconf 71' lang='lat' dir='ltr'>posteriore</span> <span class='ocrx_word' id='word_1_44' title='bbox 961 569 1170 622; x_wconf 81' lang='lat' dir='ltr'>quaestione</span> <span class='ocrx_word' id='word_1_45' title='bbox 1204 560 1359 610; x_wconf 71' lang='lat' dir='ltr'>&#39;resoluta</span> <span class='ocrx_word' id='word_1_46' title='bbox 1390 569 1436 609; x_wconf 67' lang='grc' dir='ltr'>ᾗ·</span> 
     </span>
     <span class='ocr_line' id='line_1_7' title="bbox 143 626 1440 688; baseline -0.002 -14"><span class='ocrx_word' id='word_1_47' title='bbox 143 634 224 674; x_wconf 86' lang='lat' dir='ltr'>mul</span> <span class='ocrx_word' id='word_1_48' title='bbox 258 634 358 686; x_wconf 72' lang='lat' dir='ltr'>prior</span> <span class='ocrx_word' id='word_1_49' title='bbox 389 631 594 672; x_wconf 82' lang='lat' dir='ltr'>resoluetur.</span> <span class='ocrx_word' id='word_1_50' title='bbox 672 633 786 688; x_wconf 78' lang='lat' dir='ltr'>Quod</span> <span class='ocrx_word' id='word_1_51' title='bbox 823 640 868 671; x_wconf 76' lang='lat' dir='ltr'>vt</span> <span class='ocrx_word' id='word_1_52' title='bbox 900 631 1029 671; x_wconf 82' lang='lat' dir='ltr'>clarius</span> <span class='ocrx_word' id='word_1_53' title='bbox 1051 626 1304 683; x_wconf 85' lang='lat' dir='ltr'>explicemus,</span> <span class='ocrx_word' id='word_1_54' title='bbox 1339 643 1440 671; x_wconf 85' lang='lat' dir='ltr'>noua</span> 
     </span>
     <span class='ocr_line' id='line_1_8' title="bbox 142 691 1437 750; baseline -0.002 -13"><span class='ocrx_word' id='word_1_55' title='bbox 142 698 239 750; x_wconf 84' lang='lat' dir='ltr'>figua</span> <span class='ocrx_word' id='word_1_56' title='bbox 267 697 316 748; x_wconf 55' lang='lat' dir='ltr'>ad</span> <span class='ocrx_word' id='word_1_57' title='bbox 342 696 651 736; x_wconf 60' lang='lat' dir='ltr'>(ommim-em</span> <span class='ocrx_word' id='word_1_58' title='bbox 677 694 962 748; x_wconf 69' lang='lat' dir='ltr'>‚expressionem</span> <span class='ocrx_word' id='word_1_59' title='bbox 1001 691 1264 746; x_wconf 60' lang='lat' dir='ltr'>adhibeamus.</span> <span class='ocrx_word' id='word_1_60' title='bbox 1347 692 1437 735; x_wconf 84' lang='lat' dir='ltr'>De-</span> 
     </span>
     <span class='ocr_line' id='line_1_9' title="bbox 138 757 702 811; baseline -0.005 -12"><span class='ocrx_word' id='word_1_61' title='bbox 138 768 250 800; x_wconf 81' lang='lat' dir='ltr'>notet</span> <span class='ocrx_word' id='word_1_62' title='bbox 281 771 371 811; x_wconf 87' lang='lat' dir='ltr'>ergo</span> <span class='ocrx_word' id='word_1_63' title='bbox 403 758 494 798; x_wconf 84' lang='lat' dir='ltr'>haec</span> <span class='ocrx_word' id='word_1_64' title='bbox 524 757 702 810; x_wconf 70' lang='lat' dir='ltr'>scriptio:</span> 
     </span>
    </p>

    <p class='ocr_par' dir='ltr' id='par_1_3' title="bbox 142 817 1436 935">
     <span class='ocr_line' id='line_1_10' title="bbox 195 817 1436 873; baseline 0.003 -15"><span class='ocrx_word' id='word_1_65' title='bbox 195 817 264 861; x_wconf 81' lang='lat' dir='ltr'><em>.n(²)</em></span> <span class='ocrx_word' id='word_1_66' title='bbox 295 833 490 861; x_wconf 84' lang='lat' dir='ltr'>numerum</span> <span class='ocrx_word' id='word_1_67' title='bbox 519 820 686 871; x_wconf 78' lang='lat' dir='ltr'>casuum,</span> <span class='ocrx_word' id='word_1_68' title='bbox 718 819 843 873; x_wconf 85' lang='lat' dir='ltr'>quibus</span> <span class='ocrx_word' id='word_1_69' title='bbox 874 832 1044 860; x_wconf 78' lang='lat' dir='ltr'>numerus</span> <span class='ocrx_word' id='word_1_70' title='bbox 1071 832 1098 860; x_wconf 82' lang='lat' dir='ltr'><em>n</em></span> <span class='ocrx_word' id='word_1_71' title='bbox 1131 832 1180 860; x_wconf 79' lang='lat' dir='ltr'>ex</span> <span class='ocrx_word' id='word_1_72' title='bbox 1212 820 1352 861; x_wconf 82' lang='lat' dir='ltr'>duobus</span> <span class='ocrx_word' id='word_1_73' title='bbox 1364 833 1436 862; x_wconf 82' lang='lat' dir='ltr'>nu-</span> 
     </span>
     <span class='ocr_line' id='line_1_11' title="bbox 142 882 1113 935; baseline -0.002 -11"><span class='ocrx_word' id='word_1_74' title='bbox 142 884 255 924; x_wconf 83' lang='lat' dir='ltr'>meris</span> <span class='ocrx_word' id='word_1_75' title='bbox 294 896 307 922; x_wconf 83' lang='lat'>1</span> <span class='ocrx_word' id='word_1_76' title='bbox 339 915 350 934; x_wconf 82' lang='grc'>,</span> <span class='ocrx_word' id='word_1_77' title='bbox 376 895 404 920; x_wconf 92' lang='lat'>·2</span> <span class='ocrx_word' id='word_1_78' title='bbox 436 895 508 935; x_wconf 86' lang='lat' dir='ltr'>per</span> <span class='ocrx_word' id='word_1_79' title='bbox 536 884 769 923; x_wconf 75' lang='lat' dir='ltr'>additionem</span> <span class='ocrx_word' id='word_1_80' title='bbox 803 882 958 922; x_wconf 83' lang='lat' dir='ltr'>formari</span> <span class='ocrx_word' id='word_1_81' title='bbox 986 882 1113 935; x_wconf 86' lang='lat' dir='ltr'>poffit.</span> 
     </span>
    </p>

    <p class='ocr_par' dir='ltr' id='par_1_4' title="bbox 140 940 1438 1063">
     <span class='ocr_line' id='line_1_12' title="bbox 201 940 1438 998; baseline 0 -12"><span class='ocrx_word' id='word_1_82' title='bbox 201 940 269 986; x_wconf 56' lang='lat' dir='ltr'>‚n&#39;ffl</span> <span class='ocrx_word' id='word_1_83' title='bbox 301 947 452 986; x_wconf 85' lang='lat' dir='ltr'>denotet</span> <span class='ocrx_word' id='word_1_84' title='bbox 495 955 694 985; x_wconf 77' lang='lat' dir='ltr'>niune-rum</span> <span class='ocrx_word' id='word_1_85' title='bbox 727 944 880 985; x_wconf 67' lang='lat' dir='ltr'>castium</span> <span class='ocrx_word' id='word_1_86' title='bbox 898 976 912 996; x_wconf 81' lang='grc'>,</span> <span class='ocrx_word' id='word_1_87' title='bbox 962 945 1090 998; x_wconf 77' lang='lat' dir='ltr'>quibus</span> <span class='ocrx_word' id='word_1_88' title='bbox 1126 959 1304 988; x_wconf 79' lang='lat' dir='ltr'>numerus</span> <span class='ocrx_word' id='word_1_89' title='bbox 1335 959 1357 986; x_wconf 91' lang='lat' dir='ltr'><em>n</em></span> <span class='ocrx_word' id='word_1_90' title='bbox 1385 957 1438 986; x_wconf 82' lang='lat' dir='ltr'>ex</span> 
     </span>
     <span class='ocr_line' id='line_1_13' title="bbox 140 1008 1348 1063; baseline -0.001 -15"><span class='ocrx_word' id='word_1_91' title='bbox 140 1008 198 1049; x_wconf 83' lang='lat' dir='ltr'>his</span> <span class='ocrx_word' id='word_1_92' title='bbox 230 1010 393 1048; x_wconf 85' lang='lat' dir='ltr'>numeris</span> <span class='ocrx_word' id='word_1_93' title='bbox 429 1021 447 1045; x_wconf 87' lang='lat'>1</span> <span class='ocrx_word' id='word_1_94' title='bbox 477 1039 487 1056; x_wconf 90' lang='lat'>‚</span> <span class='ocrx_word' id='word_1_95' title='bbox 519 1022 546 1047; x_wconf 83' lang='lat'>2</span> <span class='ocrx_word' id='word_1_96' title='bbox 567 1040 579 1060; x_wconf 78' lang='lat'>‚</span> <span class='ocrx_word' id='word_1_97' title='bbox 613 1019 636 1056; x_wconf 80' lang='lat'><strong>3</strong></span> <span class='ocrx_word' id='word_1_98' title='bbox 671 1020 742 1060; x_wconf 83' lang='lat' dir='ltr'>per</span> <span class='ocrx_word' id='word_1_99' title='bbox 774 1008 1002 1047; x_wconf 65' lang='lat' dir='ltr'>additionem</span> <span class='ocrx_word' id='word_1_100' title='bbox 1036 1008 1193 1050; x_wconf 76' lang='lat' dir='ltr'>formari</span> <span class='ocrx_word' id='word_1_101' title='bbox 1225 1010 1348 1063; x_wconf 83' lang='lat' dir='ltr'>poffit.</span> 
     </span>
    </p>

    <p class='ocr_par' dir='ltr' id='par_1_5' title="bbox 136 1065 1442 1497">
     <span class='ocr_line' id='line_1_14' title="bbox 202 1065 1439 1124; baseline 0 -14"><span class='ocrx_word' id='word_1_102' title='bbox 202 1071 256 1114; x_wconf 75' lang='lat' dir='ltr'>Et</span> <span class='ocrx_word' id='word_1_103' title='bbox 289 1065 360 1109; x_wconf 50' lang='lat' dir='ltr'>nm)</span> <span class='ocrx_word' id='word_1_104' title='bbox 388 1070 544 1109; x_wconf 80' lang='lat' dir='ltr'>denotet</span> <span class='ocrx_word' id='word_1_105' title='bbox 576 1082 780 1109; x_wconf 85' lang='lat' dir='ltr'>numerum</span> <span class='ocrx_word' id='word_1_106' title='bbox 817 1069 966 1109; x_wconf 86' lang='lat' dir='ltr'>casuum</span> <span class='ocrx_word' id='word_1_107' title='bbox 986 1101 998 1120; x_wconf 80' lang='grc'>,</span> <span class='ocrx_word' id='word_1_108' title='bbox 1043 1072 1176 1124; x_wconf 81' lang='lat' dir='ltr'>quibus</span> <span class='ocrx_word' id='word_1_109' title='bbox 1201 1084 1384 1114; x_wconf 67' lang='lat' dir='ltr'>:numerus</span> <span class='ocrx_word' id='word_1_110' title='bbox 1415 1083 1439 1111; x_wconf 82' lang='lat' dir='ltr'><em>n</em></span> 
     </span>
     <span class='ocr_line' id='line_1_15' title="bbox 142 1127 1438 1187; baseline 0 -15"><span class='ocrx_word' id='word_1_111' title='bbox 142 1144 193 1172; x_wconf 86' lang='lat' dir='ltr'>ex</span> <span class='ocrx_word' id='word_1_112' title='bbox 225 1132 281 1172; x_wconf 87' lang='lat' dir='ltr'>his</span> <span class='ocrx_word' id='word_1_113' title='bbox 310 1132 470 1172; x_wconf 83' lang='lat' dir='ltr'>numeris</span> <span class='ocrx_word' id='word_1_114' title='bbox 507 1144 525 1169; x_wconf 86' lang='lat'>1</span> <span class='ocrx_word' id='word_1_115' title='bbox 547 1163 558 1183; x_wconf 83' lang='lat'>,</span> <span class='ocrx_word' id='word_1_116' title='bbox 590 1144 617 1170; x_wconf 78' lang='lat'>2</span> <span class='ocrx_word' id='word_1_117' title='bbox 641 1164 652 1183; x_wconf 87' lang='lat'>,</span> <span class='ocrx_word' id='word_1_118' title='bbox 684 1142 707 1178; x_wconf 78' lang='lat'>:3</span> <span class='ocrx_word' id='word_1_119' title='bbox 731 1164 742 1183; x_wconf 82' lang='lat'>‚</span> <span class='ocrx_word' id='word_1_120' title='bbox 771 1163 785 1170; x_wconf 91' lang='lat'>..</span> <span class='ocrx_word' id='word_1_121' title='bbox 807 1160 818 1171; x_wconf 89' lang='lat'><strong>.</strong></span> <span class='ocrx_word' id='word_1_122' title='bbox 839 1161 851 1170; x_wconf 85' lang='lat'><strong><em>.</em></strong></span> <span class='ocrx_word' id='word_1_123' title='bbox 871 1144 941 1172; x_wconf 64' lang='lat' dir='ltr'>:m</span> <span class='ocrx_word' id='word_1_124' title='bbox 972 1144 1041 1184; x_wconf 88' lang='lat' dir='ltr'>per</span> <span class='ocrx_word' id='word_1_125' title='bbox 1065 1127 1301 1174; x_wconf 78' lang='lat' dir='ltr'>additionem</span> <span class='ocrx_word' id='word_1_126' title='bbox 1349 1145 1438 1187; x_wconf 80' lang='lat' dir='ltr'>pro-</span> 
     </span>
     <span class='ocr_line' id='line_1_16' title="bbox 136 1192 1439 1248; baseline 0.002 -15"><span class='ocrx_word' id='word_1_127' title='bbox 136 1196 225 1235; x_wconf 83' lang='lat' dir='ltr'>duci</span> <span class='ocrx_word' id='word_1_128' title='bbox 256 1194 381 1246; x_wconf 86' lang='lat' dir='ltr'>poffit.</span> <span class='ocrx_word' id='word_1_129' title='bbox 445 1192 546 1234; x_wconf 87' lang='lat' dir='ltr'>Cum</span> <span class='ocrx_word' id='word_1_130' title='bbox 585 1195 696 1248; x_wconf 86' lang='lat' dir='ltr'>igitur</span> <span class='ocrx_word' id='word_1_131' title='bbox 735 1194 875 1234; x_wconf 75' lang='lat' dir='ltr'>valores</span> <span class='ocrx_word' id='word_1_132' title='bbox 920 1194 1136 1236; x_wconf 77' lang='lat' dir='ltr'>huiusmodi</span> <span class='ocrx_word' id='word_1_133' title='bbox 1184 1196 1439 1238; x_wconf 65' lang='lat' dir='ltr'>charaeterum</span> 
     </span>
     <span class='ocr_line' id='line_1_17' title="bbox 142 1256 1438 1310; baseline 0.001 -14"><span class='ocrx_word' id='word_1_134' title='bbox 142 1258 272 1297; x_wconf 84' lang='lat' dir='ltr'>fuerint</span> <span class='ocrx_word' id='word_1_135' title='bbox 308 1256 483 1306; x_wconf 85' lang='lat' dir='ltr'>definiti,</span> <span class='ocrx_word' id='word_1_136' title='bbox 526 1259 626 1310; x_wconf 87' lang='lat' dir='ltr'>quod</span> <span class='ocrx_word' id='word_1_137' title='bbox 672 1257 848 1308; x_wconf 83' lang='lat' dir='ltr'><strong>deinceps</strong></span> <span class='ocrx_word' id='word_1_138' title='bbox 896 1258 1194 1310; x_wconf 72' lang='lat' dir='ltr'>praeshtbimus,</span> <span class='ocrx_word' id='word_1_139' title='bbox 1239 1259 1438 1300; x_wconf 84' lang='lat' dir='ltr'>Problema</span> 
     </span>
     <span class='ocr_line' id='line_1_18' title="bbox 145 1317 1441 1376; baseline 0.001 -18"><span class='ocrx_word' id='word_1_140' title='bbox 145 1319 378 1372; x_wconf 77' lang='lat' dir='ltr'>propositum</span> <span class='ocrx_word' id='word_1_141' title='bbox 409 1319 462 1358; x_wconf 81' lang='lat' dir='ltr'>ita</span> <span class='ocrx_word' id='word_1_142' title='bbox 491 1319 703 1360; x_wconf 77' lang='lat' dir='ltr'>resoluetur.</span> <span class='ocrx_word' id='word_1_143' title='bbox 766 1317 805 1359; x_wconf 92' lang='lat' dir='ltr'>Si</span> <span class='ocrx_word' id='word_1_144' title='bbox 836 1328 1026 1371; x_wconf 78' lang='lat' dir='ltr'>quaeratur</span> <span class='ocrx_word' id='word_1_145' title='bbox 1056 1319 1189 1361; x_wconf 86' lang='lat' dir='ltr'>scilicet</span> <span class='ocrx_word' id='word_1_146' title='bbox 1206 1354 1218 1373; x_wconf 81' lang='lat'>,</span> <span class='ocrx_word' id='word_1_147' title='bbox 1243 1331 1336 1376; x_wconf 88' lang='lat' dir='ltr'>quot</span> <span class='ocrx_word' id='word_1_148' title='bbox 1370 1332 1441 1360; x_wconf 84' lang='lat' dir='ltr'>va-</span> 
     </span>
     <span class='ocr_line' id='line_1_19' title="bbox 142 1381 1442 1437; baseline 0.002 -16"><span class='ocrx_word' id='word_1_149' title='bbox 142 1382 204 1421; x_wconf 85' lang='lat' dir='ltr'>riis</span> <span class='ocrx_word' id='word_1_150' title='bbox 251 1382 373 1420; x_wconf 82' lang='lat' dir='ltr'>modis</span> <span class='ocrx_word' id='word_1_151' title='bbox 416 1393 595 1420; x_wconf 89' lang='lat' dir='ltr'>numerus</span> <span class='ocrx_word' id='word_1_152' title='bbox 624 1381 668 1422; x_wconf 89' lang='lat' dir='ltr'>N</span> <span class='ocrx_word' id='word_1_153' title='bbox 702 1383 739 1420; x_wconf 89' lang='lat' dir='ltr'>in</span> <span class='ocrx_word' id='word_1_154' title='bbox 772 1394 808 1421; x_wconf 89' lang='lat' dir='ltr'>m</span> <span class='ocrx_word' id='word_1_155' title='bbox 837 1391 963 1433; x_wconf 79' lang='lat' dir='ltr'>partes</span> <span class='ocrx_word' id='word_1_156' title='bbox 1012 1383 1217 1435; x_wconf 78' lang='lat' dir='ltr'>inaequales</span> <span class='ocrx_word' id='word_1_157' title='bbox 1261 1382 1442 1437; x_wconf 79' lang='lat' dir='ltr'>dispertiri</span> 
     </span>
     <span class='ocr_line' id='line_1_20' title="bbox 140 1442 1436 1497; baseline 0.001 -14"><span class='ocrx_word' id='word_1_158' title='bbox 140 1442 282 1497; x_wconf 84' lang='lat' dir='ltr'>poffit;</span> <span class='ocrx_word' id='word_1_159' title='bbox 315 1454 492 1482; x_wconf 88' lang='lat' dir='ltr'>numerus</span> <span class='ocrx_word' id='word_1_160' title='bbox 518 1443 667 1483; x_wconf 80' lang='lat' dir='ltr'>casuum</span> <span class='ocrx_word' id='word_1_161' title='bbox 696 1443 871 1496; x_wconf 83' lang='lat' dir='ltr'>quaefitus</span> <span class='ocrx_word' id='word_1_162' title='bbox 898 1445 1137 1496; x_wconf 80' lang='lat' dir='ltr'>exprimetur</span> <span class='ocrx_word' id='word_1_163' title='bbox 1168 1445 1250 1486; x_wconf 81' lang='lat' dir='ltr'>hoc</span> <span class='ocrx_word' id='word_1_164' title='bbox 1305 1446 1436 1485; x_wconf 80' lang='lat' dir='ltr'>chara-</span> 
     </span>
    </p>
   </div>
   <div class='ocr_carea' id='block_1_3' title="bbox 389 1577 508 1582">
    <p class='ocr_par' dir='ltr' id='par_1_6' title="bbox 389 1577 508 1582">
     <span class='ocr_line' id='line_1_21' title="bbox 389 1577 508 1582; baseline 0 0"><span class='ocrx_word' id='word_1_165' title='bbox 389 1577 508 1582; x_wconf 95' lang='lat' dir='ltr'> </span> 
     </span>
    </p>
   </div>
   <div class='ocr_carea' id='block_1_4' title="bbox 710 1691 841 1698">
    <p class='ocr_par' dir='ltr' id='par_1_7' title="bbox 710 1691 841 1698">
     <span class='ocr_line' id='line_1_22' title="bbox 710 1691 841 1698; baseline 0 970"><span class='ocrx_word' id='word_1_166' title='bbox 710 1691 841 1698; x_wconf 95' lang='lat' dir='ltr'> </span> 
     </span>
    </p>
   </div>
   <div class='ocr_carea' id='block_1_5' title="bbox 141 1511 1458 1787">
    <p class='ocr_par' dir='ltr' id='par_1_8' title="bbox 141 1511 1458 1787">
     <span class='ocr_line' id='line_1_23' title="bbox 619 1511 667 1544; baseline 0.042 -2"><span class='ocrx_word' id='word_1_167' title='bbox 619 1511 667 1544; x_wconf 84' lang='lat' dir='ltr'>(m)</span> 
     </span>
     <span class='ocr_line' id='line_1_24' title="bbox 144 1513 1458 1629; baseline 0.005 -33"><span class='ocrx_word' id='word_1_168' title='bbox 144 1556 250 1597; x_wconf 63' lang='lat' dir='ltr'>&amp;ere</span> <span class='ocrx_word' id='word_1_169' title='bbox 268 1553 327 1610; x_wconf 86' lang='lat' dir='ltr'>(N</span> <span class='ocrx_word' id='word_1_170' title='bbox 345 1580 371 1586; x_wconf 88' lang='lat'>—</span> <span class='ocrx_word' id='word_1_171' title='bbox 390 1513 620 1629; x_wconf 46' lang='grc' dir='ltr'>Μίῗῗὲ)</span> <span class='ocrx_word' id='word_1_172' title='bbox 681 1590 692 1611; x_wconf 84' lang='lat'>‚</span> <span class='ocrx_word' id='word_1_173' title='bbox 717 1559 857 1614; x_wconf 87' lang='lat' dir='ltr'>quippe</span> <span class='ocrx_word' id='word_1_174' title='bbox 889 1570 965 1612; x_wconf 92' lang='lat' dir='ltr'>quo</span> <span class='ocrx_word' id='word_1_175' title='bbox 996 1558 1175 1600; x_wconf 72' lang='lat' dir='ltr'>indicatur</span> <span class='ocrx_word' id='word_1_176' title='bbox 1194 1590 1204 1610; x_wconf 91' lang='lat'>,</span> <span class='ocrx_word' id='word_1_177' title='bbox 1238 1570 1331 1614; x_wconf 89' lang='lat' dir='ltr'>quot</span> <span class='ocrx_word' id='word_1_178' title='bbox 1371 1573 1440 1602; x_wconf 83' lang='lat' dir='ltr'>va·</span> <span class='ocrx_word' id='word_1_179' title='bbox 1453 1560 1458 1624; x_wconf 27' lang='grc' dir='ltr'>Ἰ</span> 
     </span>
     <span class='ocr_line' id='line_1_25' title="bbox 141 1655 1439 1727; baseline 0.002 -18"><span class='ocrx_word' id='word_1_180' title='bbox 141 1670 203 1711; x_wconf 85' lang='lat' dir='ltr'>riis</span> <span class='ocrx_word' id='word_1_181' title='bbox 234 1669 357 1711; x_wconf 89' lang='lat' dir='ltr'>modis</span> <span class='ocrx_word' id='word_1_182' title='bbox 388 1682 563 1711; x_wconf 84' lang='lat' dir='ltr'>numerus</span> <span class='ocrx_word' id='word_1_183' title='bbox 589 1670 634 1712; x_wconf 93' lang='lat' dir='ltr'>N</span> <span class='ocrx_word' id='word_1_184' title='bbox 654 1655 843 1724; x_wconf 39' lang='lat' dir='ltr'>-mtqu</span> <span class='ocrx_word' id='word_1_185' title='bbox 872 1681 922 1709; x_wconf 88' lang='lat' dir='ltr'>ex</span> <span class='ocrx_word' id='word_1_186' title='bbox 970 1668 1026 1709; x_wconf 87' lang='lat' dir='ltr'>his</span> <span class='ocrx_word' id='word_1_187' title='bbox 1067 1672 1237 1713; x_wconf 85' lang='lat' dir='ltr'>numeris</span> <span class='ocrx_word' id='word_1_188' title='bbox 1286 1684 1305 1711; x_wconf 92' lang='lat'>1</span> <span class='ocrx_word' id='word_1_189' title='bbox 1330 1702 1345 1726; x_wconf 61' lang='lat'><em>2</em></span> <span class='ocrx_word' id='word_1_190' title='bbox 1377 1684 1404 1712; x_wconf 83' lang='lat'>2</span> <span class='ocrx_word' id='word_1_191' title='bbox 1422 1705 1439 1727; x_wconf 77' lang='lat'>,</span> 
     </span>
     <span class='ocr_line' id='line_1_26' title="bbox 148 1731 1134 1787; baseline 0.003 -16"><span class='ocrx_word' id='word_1_192' title='bbox 148 1741 170 1779; x_wconf 81' lang='grc'>3</span> <span class='ocrx_word' id='word_1_193' title='bbox 195 1763 207 1785; x_wconf 84' lang='grc'>,</span> <span class='ocrx_word' id='word_1_194' title='bbox 243 1761 381 1772; x_wconf 81' lang='lat'><strong>.....</strong></span> <span class='ocrx_word' id='word_1_195' title='bbox 400 1745 437 1773; x_wconf 91' lang='lat' dir='ltr'>m</span> <span class='ocrx_word' id='word_1_196' title='bbox 464 1745 533 1786; x_wconf 89' lang='lat' dir='ltr'>per</span> <span class='ocrx_word' id='word_1_197' title='bbox 563 1734 793 1775; x_wconf 84' lang='lat' dir='ltr'>additionem</span> <span class='ocrx_word' id='word_1_198' title='bbox 820 1732 980 1787; x_wconf 85' lang='lat' dir='ltr'>produci</span> <span class='ocrx_word' id='word_1_199' title='bbox 1005 1731 1134 1787; x_wconf 84' lang='lat' dir='ltr'>poffit.</span> 
     </span>
    </p>
   </div>
   <div class='ocr_carea' id='block_1_6' title="bbox 139 1850 1440 2215">
    <p class='ocr_par' dir='ltr' id='par_1_9' title="bbox 139 1850 1440 2165">
     <span class='ocr_line' id='line_1_27' title="bbox 289 1850 1437 1914; baseline 0.003 -16"><span class='ocrx_word' id='word_1_200' title='bbox 289 1850 328 1898; x_wconf 64' lang='grc' dir='ltr'>ξ.</span> <span class='ocrx_word' id='word_1_201' title='bbox 368 1869 436 1895; x_wconf 88' lang='lat'>20.</span> <span class='ocrx_word' id='word_1_202' title='bbox 469 1855 533 1897; x_wconf 89' lang='lat' dir='ltr'>Ad</span> <span class='ocrx_word' id='word_1_203' title='bbox 563 1857 662 1898; x_wconf 85' lang='lat' dir='ltr'>hanc</span> <span class='ocrx_word' id='word_1_204' title='bbox 688 1858 854 1900; x_wconf 82' lang='lat' dir='ltr'>eandem</span> <span class='ocrx_word' id='word_1_205' title='bbox 893 1859 1148 1914; x_wconf 79' lang='lat' dir='ltr'>quaestionem</span> <span class='ocrx_word' id='word_1_206' title='bbox 1187 1871 1335 1914; x_wconf 88' lang='lat' dir='ltr'>quoque</span> <span class='ocrx_word' id='word_1_207' title='bbox 1375 1873 1437 1902; x_wconf 87' lang='lat' dir='ltr'>re-</span> 
     </span>
     <span class='ocr_line' id='line_1_28' title="bbox 145 1919 1440 1977; baseline 0.003 -17"><span class='ocrx_word' id='word_1_208' title='bbox 145 1920 288 1960; x_wconf 88' lang='lat' dir='ltr'>ducitur</span> <span class='ocrx_word' id='word_1_209' title='bbox 321 1919 450 1960; x_wconf 89' lang='lat' dir='ltr'>solutio</span> <span class='ocrx_word' id='word_1_210' title='bbox 489 1919 638 1961; x_wconf 76' lang='lat' dir='ltr'>alterius</span> <span class='ocrx_word' id='word_1_211' title='bbox 676 1921 923 1962; x_wconf 85' lang='lat' dir='ltr'>Problematis</span> <span class='ocrx_word' id='word_1_212' title='bbox 952 1935 974 1962; x_wconf 84' lang='lat' dir='ltr'>a</span> <span class='ocrx_word' id='word_1_213' title='bbox 1007 1921 1125 1965; x_wconf 85' lang='lat' dir='ltr'>Celeb.</span> <span class='ocrx_word' id='word_1_214' title='bbox 1158 1922 1316 1963; x_wconf 80' lang='lat' dir='ltr'>Naudeo</span> <span class='ocrx_word' id='word_1_215' title='bbox 1345 1937 1440 1977; x_wconf 87' lang='lat' dir='ltr'>pro·</span> 
     </span>
     <span class='ocr_line' id='line_1_29' title="bbox 145 1983 1437 2038; baseline 0.003 -16"><span class='ocrx_word' id='word_1_216' title='bbox 145 1983 280 2035; x_wconf 73' lang='lat' dir='ltr'>positi,</span> <span class='ocrx_word' id='word_1_217' title='bbox 309 1995 420 2035; x_wconf 82' lang='lat' dir='ltr'>quam</span> <span class='ocrx_word' id='word_1_218' title='bbox 452 1983 505 2023; x_wconf 92' lang='lat' dir='ltr'>ob</span> <span class='ocrx_word' id='word_1_219' title='bbox 525 1996 604 2024; x_wconf 76' lang='lat' dir='ltr'>rem</span> <span class='ocrx_word' id='word_1_220' title='bbox 638 1985 838 2038; x_wconf 80' lang='lat' dir='ltr'>expediet,</span> <span class='ocrx_word' id='word_1_221' title='bbox 878 1995 915 2025; x_wconf 89' lang='lat' dir='ltr'>et</span> <span class='ocrx_word' id='word_1_222' title='bbox 945 1985 1018 2026; x_wconf 92' lang='lat' dir='ltr'>hoc</span> <span class='ocrx_word' id='word_1_223' title='bbox 1037 1985 1236 2026; x_wconf 85' lang='lat' dir='ltr'>Problema</span> <span class='ocrx_word' id='word_1_224' title='bbox 1269 1995 1356 2026; x_wconf 86' lang='lat' dir='ltr'>ante</span> <span class='ocrx_word' id='word_1_225' title='bbox 1380 1998 1437 2026; x_wconf 84' lang='lat' dir='ltr'>re·</span> 
     </span>
     <span class='ocr_line' id='line_1_30' title="bbox 143 2046 1436 2098; baseline 0.004 -14"><span class='ocrx_word' id='word_1_226' title='bbox 143 2046 232 2085; x_wconf 72' lang='lat' dir='ltr'>iolui</span> <span class='ocrx_word' id='word_1_227' title='bbox 255 2077 265 2095; x_wconf 81' lang='lat'>,</span> <span class='ocrx_word' id='word_1_228' title='bbox 313 2057 423 2098; x_wconf 86' lang='lat' dir='ltr'>quam</span> <span class='ocrx_word' id='word_1_229' title='bbox 463 2046 696 2098; x_wconf 80' lang='lat' dir='ltr'>ampliorem</span> <span class='ocrx_word' id='word_1_230' title='bbox 735 2046 987 2089; x_wconf 70' lang='lat' dir='ltr'>characterum</span> <span class='ocrx_word' id='word_1_231' title='bbox 1021 2049 1140 2088; x_wconf 91' lang='lat' dir='ltr'>modo</span> <span class='ocrx_word' id='word_1_232' title='bbox 1186 2046 1436 2089; x_wconf 81' lang='lat' dir='ltr'>affumtorum</span> 
     </span>
     <span class='ocr_line' id='line_1_31' title="bbox 139 2108 1435 2165; baseline 0.002 -17"><span class='ocrx_word' id='word_1_233' title='bbox 139 2108 402 2150; x_wconf 75' lang='lat' dir='ltr'>euolutionem</span> <span class='ocrx_word' id='word_1_234' title='bbox 430 2108 664 2164; x_wconf 85' lang='lat' dir='ltr'>suscipiamus</span> <span class='ocrx_word' id='word_1_235' title='bbox 681 2140 694 2163; x_wconf 84' lang='lat'>,</span> <span class='ocrx_word' id='word_1_236' title='bbox 724 2110 774 2151; x_wconf 85' lang='lat' dir='ltr'>fic</span> <span class='ocrx_word' id='word_1_237' title='bbox 807 2111 913 2151; x_wconf 86' lang='lat' dir='ltr'>enim</span> <span class='ocrx_word' id='word_1_238' title='bbox 946 2112 1014 2153; x_wconf 78' lang='lat' dir='ltr'>tria</span> <span class='ocrx_word' id='word_1_239' title='bbox 1040 2111 1273 2154; x_wconf 76' lang='lat' dir='ltr'>Problemata</span> <span class='ocrx_word' id='word_1_240' title='bbox 1291 2144 1304 2165; x_wconf 83' lang='lat'><em>‚</em></span> <span class='ocrx_word' id='word_1_241' title='bbox 1338 2123 1435 2165; x_wconf 82' lang='lat' dir='ltr'>quae</span> 
     </span>
    </p>

    <p class='ocr_par' dir='ltr' id='par_1_10' title="bbox 810 2171 1435 2215">
     <span class='ocr_line' id='line_1_32' title="bbox 810 2171 1435 2215; baseline -0.002 0"><span class='ocrx_word' id='word_1_242' title='bbox 810 2171 838 2215; x_wconf 89' lang='lat' dir='ltr'><strong>S</strong></span> <span class='ocrx_word' id='word_1_243' title='bbox 873 2185 898 2211; x_wconf 86' lang='lat'>2</span> <span class='ocrx_word' id='word_1_244' title='bbox 1335 2174 1435 2215; x_wconf 80' lang='lat' dir='ltr'>inter</span> 
     </span>
    </p>
   </div>
  </div>
 </body>
</html>
