2052 2668
614 219 708 266 376
773 210 1130 262 EMENDATIO
1163 214 1480 264 LATERNAE
1509 216 1782 264 MAGICAE

697 348 699 351 v
724 352 728 368 ‚
1025 326 1214 372 GENVS
1245 331 1513 379 TERTIVM

715 388 771 421 Au
790 388 967 420 omnen
991 389 1287 422 MAGNJTVfflNJS
1309 391 1481 424 nvotwm
1506 389 1710 423 pouncvm
1742 391 1817 422 mz-

1101 430 1426 465 ιιιΑεεΕΝτΑΝοΑ.

725 507 761 556 §-
811 519 883 557 24.
936 508 1022 551 Hoc
1062 509 1346 551 instrumentum
1378 511 1525 552 ratione
1552 509 1816 563 magnitudinis
1847 510 1921 552 ob—

605 569 795 612 iectomm
828 573 902 612 iere
918 584 1005 614 cum
1024 572 1189 615 Laterna
1219 573 1371 628 Magica
1404 575 1575 616 consueta
1607 574 1803 614 conueniet
1824 587 1836 627 ·‚
1856 573 1917 614 ni—

601 632 630 674 fi
663 636 764 688 quod
796 635 859 675 hic
877 636 1072 679 obiectum
1091 639 1129 678 iu
1147 637 1339 691 superficie
1357 639 1534 679 anteriori
1573 636 1686 677 debet
1728 636 1916 678 illumina-

601 698 645 737 ri.
714 698 816 740 Haec
851 701 1072 753 magnitudo
1095 694 1198 756 ’ergo
1229 701 1364 742 idonea
1398 703 1471 757 etit
1503 700 1549 742 ad
1583 711 1708 753 partes
1739 701 1912 741 animali-
1975 693 1979 697 ⁶

598 773 669 803 um
718 772 757 802 et
791 763 1032 817 plantarum,
1063 764 1148 807 imo
1180 765 1299 805 etiam
1342 764 1389 806 ad
1426 765 1561 819 exigua
1601 764 1774 804 animalia
1816 764 1914 804 intc-

597 836 665 878 gra
698 835 738 864 et
770 826 928 879 plantas,
965 839 1032 867 nec
1066 839 1143 869 non
1178 827 1225 866 ad
1243 827 1404 880 pietnras
1434 826 1656 878 capiendas,
1688 838 1783 880 quae
1817 826 1916 868 mul-

600 897 643 928 to
689 889 824 929 maiori
875 887 1000 928 forma
1051 888 1123 928 fint
1183 886 1500 940 repraesentanda.
1583 883 1684 926 Cum
1732 888 1839 929 enim
1871 889 1916 931 fit

598 963 620 990 e
637 964 692 991 ς.-
718 964 735 990 1
760 951 836 1004 dig.
869 950 1041 990 distantia
1069 949 1105 991 E
1124 949 1163 998 A
1186 964 1239 991 Σ,-
1259 963 1286 991 α
1319 949 1387 991 fiet
1419 950 1465 991 ad
1501 948 1709 990 minimum
1736 953 1779 991 6.
1812 952 1915 1006 pou-

597 1014 793 1067 praestnbit
825 1005 951 1055 autem
969 1046 981 1066 ‚
1011 1025 1089 1069 quo
1128 1013 1296 1056 confusio
1337 1013 1457 1067 magis
1497 1013 1656 1052 euitetur
1675 1046 1686 1065 ,
1726 1027 1815 1057 eam
1860 1014 1915 1057 as-

596 1077 675 1118 sum
699 1089 741 1118 re
773 1077 967 1131 aliquanto
999 1078 1188 1119 maiorem
1208 1110 1220 1129 ‚
1253 1077 1296 1118 fit
1329 1078 1443 1131 igitur
1473 1088 1572 1116 a:
1591 1088 1619 1125 9
1654 1077 1728 1130 dig.
1782 1088 1822 1118 et
1861 1078 1916 1118 fe-

597 1141 835 1181 midiameter
879 1139 1019 1194 effigiei
1059 1142 1099 1182 in
1140 1140 1262 1182 tabula
1295 1140 1659 1195 exprimendae:
1680 1151 1704 1179 n
1734 1141 1811 1194 dig.
1846 1144 1918 1184 erit

596 1210 708 1251 lentis
756 1213 801 1252 ad
836 1212 910 1252 hoc
958 1211 1119 1252 idoneae
1152 1210 1323 1250 distantia
1372 1209 1499 1250 ibcalis
1518 1209 1619 1266 s:-
1640 1208 1681 1235 —⁹
1692 1229 1723 1235 -
1714 1210 1837 1265 dig.
1870 1224 1915 1254 ac

595 1275 728 1328 imago
760 1274 845 1328 post
878 1274 1020 1314 lentem
1081 1272 1253 1315 distincte
1303 1273 1499 1328 apparebit
1533 1274 1571 1313 iu
1622 1275 1790 1316 distantia
1841 1273 1916 1319 Be

595 1350 651 1379 z
672 1351 699 1387 9
719 1351 742 1378 n
774 1339 851 1392 dig.
919 1334 1097 1392 Denique
1128 1337 1155 1378 fi
1187 1337 1316 1378 lumen
1351 1336 1495 1378 obiecti
1529 1336 1571 1377 fit
1605 1349 1660 1377 z:
1679 1336 1714 1378 L
1735 1370 1746 1390 ‚
1787 1347 1826 1377 et
1858 1338 1911 1380 se-

594 1409 842 1450 midiameter
858 1417 1056 1464 aperturae
1075 1411 1183 1451 lentis
1199 1404 1412 1468 szcij
1430 1423 1485 1451 z
1505 1403 1707 1468 ΥἯξ-Ϊμῑ
1736 1412 1813 1466 dig.
1839 1413 1912 1453 erit

593 1482 728 1523 lumen
760 1484 1006 1537 imaginis:
1038 1480 1227 1540 735292,
1259 1479 1305 1520 L.

713 1545 749 1593 ς.
797 1559 818 1585 2
829 1558 867 1594 ς,
917 1546 1014 1587 Hinc
1063 1558 1136 1598 pro
1190 1545 1289 1585 varia
1339 1542 1651 1596 muitipiicntione
1699 1544 1912 1597 quantitatis

595 1608 773 1660 imaginis
804 1608 863 1649 seu
899 1608 1047 1649 numeri
1083 1620 1106 1647 n
1142 1607 1215 1647 hae
1249 1608 1500 1659 quantitates,
1543 1607 1676 1660 quibus
1728 1609 1907 1660 quantitas

594 1671 828 1714 insttumenti
860 1672 1133 1715 determinatur
1150 1702 1162 1724 ‚
1195 1671 1387 1725 sequentes
1420 1670 1648 1713 obtinebunt
1680 1670 1837 1712 valeres.

1860 2177 1901 2223 Si
