2052 2668
569 174 633 219 «η
1010 167 1094 212 DE
1122 163 1439 214 SERIERVM

1076 277 1290 340 Coroll.
1340 296 1390 354 5.

716 377 751 427 §.
787 390 860 428 41.
896 375 963 418 Sin
1005 387 1134 419 autem
1178 376 1221 417 sit
1253 381 1365 426 ἦαα
1385 382 1452 423 -ι-
1473 374 1498 416 8
1529 376 1712 429 quantitas
1747 375 1891 431 negati-

566 456 616 486 va
635 476 646 495 ,
682 453 808 496 partes
837 452 925 482 ante
957 442 1135 481 inuentae
1169 449 1277 480 erunt
1308 441 1560 495 imaginariae.
1630 440 1694 481 Ad
1726 440 1891 482 fonnam

567 518 659 560 ergo
700 506 838 545 realem
880 503 1153 544 inueniendam
1189 514 1429 558 comparetur
1467 504 1643 558 aequatio
1679 516 1703 544 u
1721 516 1744 544 u
1762 524 1805 531 -
1823 514 1891 543 απ

568 569 779 610 ι-ἓῑο
812 568 993 609 cumbae
1027 567 1349 625 teu-2sucos.
1372 564 1895 652 m,-÷-ff:a0,erits::

568 639 654 683 V-
673 642 718 694 ξ,
738 638 1040 684 etoesz—
1057 641 1103 696 ἓ,
1136 643 1288 694 cosm,
1310 642 1577 684 lencosoe:
1599 633 1668 698 γα,
1598 659 1692 695 -ξ
1727 640 1894 682 etsm.u

568 701 921 774 3⁴(2—5310Q—
868 730 924 736 ‘“
943 709 1289 771 V(1“2‘²-g)‚
1323 718 1424 759 vnde
1469 716 1624 771 angulus
1664 729 1691 755 ω
1721 714 1892 756 inuenie-

568 789 659 835 tur,
698 795 748 823 ex
780 795 857 838 quo
887 783 1081 835 erity..
1029 778 1645 839 -J‘(Pcos.‹nx—}-Qsm.
1665 776 1775 834 mx)

1073 888 1290 950 Coroll.
1339 888 1394 947 6.

720 987 755 1038 ξ.
792 999 864 1037 42.
901 983 942 1028 Si
976 999 1048 1042 pro
1076 986 1108 1028 P
1141 996 1180 1027 et
1215 985 1265 1042 Q
1297 987 1519 1040 quantitates
1555 984 1764 1028 constantes
1802 985 1896 1028 affu-

571 1061 748 1103 mantur,
784 1052 911 1104 prodit
940 1052 1076 1091 eadem
1110 1051 1261 1091 termini
1293 1050 1476 1102 generalis
1507 1049 1632 1090 forma
1655 1082 1666 1101 ,
1700 1062 1796 1102 qnae
1812 1049 1896 1090 vul—

566 1127 621 1168 go
650 1115 823 1156 exhiberi
856 1126 900 1155 ac
934 1127 1009 1169 pro
1049 1114 1123 1155 iola
1146 1147 1157 1166 ,
1208 1124 1304 1167 quae
1337 1112 1527 1154 fittisfaciat
1548 1147 1559 1165 ,
1609 1113 1739 1154 haberi
1790 1112 1866 1153 sole
1885 1143 1897 1153 .

569 1178 755 1234 Qualibet
795 1188 924 1219 autem
965 1177 1056 1218 serie
1099 1176 1352 1218 determinata
1386 1178 1580 1231 proposita
1601 1209 1613 1228 ,
1662 1177 1744 1217 inas
1793 1176 1899 1216 binas

568 1243 794 1296 quantitates
824 1242 1035 1282 constantes
1068 1253 1119 1281 ex
1151 1241 1297 1281 duobus
1328 1241 1496 1280 terminis
1529 1241 1697 1294 primis,
1730 1239 1794 1293 qui
1828 1240 1894 1280 da-

568 1307 595 1346 ti
631 1306 855 1355 sumuntur,
891 1305 1040 1346 definiri
1083 1314 1251 1358 oportet.
1329 1302 1374 1343 In
1414 1316 1554 1357 genere
1595 1316 1752 1355 autem,
1803 1316 1894 1345 cum

568 1367 663 1409 duae
696 1369 955 1423 ingrediantur
986 1368 1199 1408 flmetiones
1234 1367 1452 1405 arbitrariae
1506 1366 1534 1405 P
1584 1377 1624 1406 et
1674 1368 1745 1423 Q,
1797 1379 1894 1420 quae

568 1432 722 1486 quoties
757 1443 787 1471 x
818 1430 872 1469 est
905 1441 1083 1471 numerus
1114 1429 1291 1483 integer,
1325 1431 1481 1470 eosdem
1516 1429 1664 1471 valores
1688 1430 1899 1471 constantes

568 1495 774 1546 inducent,
809 1503 917 1548 patet
951 1495 1044 1535 duos
1076 1491 1179 1534 seriei
1213 1493 1398 1534 terminos
1429 1493 1614 1536 indicibus
1642 1495 1801 1549 integris
1831 1506 1895 1536 re-

569 1557 792 1615 spondentes
812 1589 825 1611 ,
855 1570 929 1613 pro
962 1558 1080 1600 lubitu
1113 1556 1246 1598 assumi
1297 1556 1414 1613 poss‘e.

1072 1649 1363 1710 Scholion.

720 1740 756 1789 5.
794 1752 870 1790 43.
908 1739 1122 1781 Metliodus
1154 1741 1247 1781 hacc
1284 1739 1496 1782 inueuicndi
1530 1748 1629 1780 term
1645 1750 1717 1779 nos
1741 1749 1897 1792 genem·

572 1803 626 1844 les
656 1802 834 1845 serierum
870 1805 1142 1844 recurrentium
1177 1806 1267 1846 ideo
1300 1803 1542 1858 potissimum
1576 1803 1631 1843 est
1664 1814 1796 1844 notatu
1838 1803 1895 1844 di·

570 1879 669 1919 gna,
707 1867 808 1921 quod
844 1879 924 1908 non
959 1866 1076 1908 solum
1111 1880 1250 1909 omnes
1283 1868 1469 1922 poffibiles
1499 1866 1644 1908 formas
1683 1865 1863 1906 exhibeat
1884 1899 1896 1919 ‚

571 1929 627 1970 sed
660 1932 780 1971 ctiam
816 1932 916 1984 quod
950 1945 970 1972 n
1004 1932 1123 1985 priori
1157 1935 1365 1986 procedat,
1398 1943 1507 1986 atque
1540 1943 1591 1970 ex
1630 1929 1714 1970 solis
1755 1929 1893 1983 princi-

570 1994 646 2047 piis
675 1995 864 2044 analyticis
897 1997 1094 2050 negotium
1125 1996 1329 2048 conficiat,
1361 2009 1449 2036 cum
1487 1994 1579 2042 alii,
1613 1995 1673 2047 qui
1710 1993 1777 2034 lias
1807 1993 1893 2035 seri-

568 2069 608 2098 es
639 2058 888 2099 traetauerunt
910 2091 922 2110 ‚
960 2072 1098 2101 omnes
1129 2073 1197 2114 per
1229 2063 1332 2102 viam
1376 2057 1602 2098 indirectam
1636 2058 1682 2099 ad
1720 2056 1885 2098 formam

567 2121 671 2163 illam
711 2123 970 2164 terminorum
1003 2125 1232 2177 generalium
1266 2123 1464 2179 specialem
1496 2124 1755 2179 peruenerint.
1788 2122 1894 2165 Haec

1786 2197 1893 2230 cium
