2052 2668
598 167 656 207 μ
1041 156 1129 199 DE
1160 155 1464 203 SEROERVM

737 263 776 312 5.
818 282 887 312 10.
924 270 1032 312 Haec
1067 273 1178 325 igitur
1207 272 1314 314 series
1354 273 1405 314 ita
1435 272 1618 316 definitur
1638 307 1648 327 ,
1682 283 1747 328 vt,
1791 274 1914 317 fiter-

587 332 711 374 minus
744 334 858 375 indici
900 348 928 375 x
971 337 1198 390 respondens
1241 348 1403 389 ponitur
1447 351 1570 389 Ξ),
1619 344 1770 394 lequens
1818 351 1913 380 vero

586 398 773 438 terminus
792 400 903 439 indici
939 413 967 439 x
987 409 1052 447 -ι-
1078 415 1095 439 1
1124 401 1349 454 respondens
1376 405 1493 454 :ys
1512 434 1523 452 ,
1544 401 1722 445 habeatur
1742 405 1791 456 ys
1803 416 1914 457 :y3

589 470 672 502 tum
697 475 787 501 vero
807 473 1001 514 praetcrea
1033 464 1222 504 affiunitut
1241 497 1252 517 ,
1285 466 1313 507 si
1344 467 1453 508 fucrit
1486 479 1515 507 x
1536 479 1591 505 :-
1620 479 1637 504 1
1664 499 1675 518 ,
1709 467 1790 508 fore
1823 480 1919 522 quo-

590 538 661 579 qne
688 538 720 576 y
743 537 798 564 :z
825 539 862 564 1.
930 527 1057 583 Quare
1094 528 1118 568 {i
1154 542 1225 582 pro
1259 528 1329 570 hac
1372 530 1460 570 ierie
1502 518 1686 572 terminus
1737 531 1922 585 generalis

589 589 815 630 desideretur
834 623 845 641 ,
881 590 910 631 is
944 593 1131 633 eiu³modi
1167 592 1310 634 fnnd'tio
1343 594 1454 648 ipsius
1484 608 1513 637 x
1545 594 1618 635 ess'e
1650 596 1763 636 debet
1783 629 1794 649 ,
1823 601 1919 651 quae

589 653 634 694 sit
665 666 760 706 :y
781 687 791 705 ,
827 665 871 694 vt
902 655 928 695 fi
962 656 1051 696 loco
1083 669 1111 697 x
1146 669 1307 711 ponatur
1340 671 1369 699 x
1389 667 1456 705 -†-
1478 672 1497 698 1
1547 659 1748 700 functionis
1775 674 1809 713 y
1851 671 1922 700 va-

590 717 650 758 lor
682 717 858 758 resultans
876 721 928 772 ys
962 722 1125 774 aequalis
1157 723 1199 763 sit
1234 721 1373 764 fiiturus
1407 723 1475 777 ipsi
1493 737 1559 776 y,
1595 733 1705 778 atque
1742 734 1784 764 vt
1818 723 1919 765 faCto

587 793 616 823 x
639 795 689 821 :z
717 795 734 820 1
776 782 841 823 fiat
862 798 894 835 y
914 797 970 824 :-
995 799 1032 824 1.
1069 785 1312 828 Manifestum
1346 798 1471 828 autem
1516 788 1570 828 est
1590 821 1601 840 ,
1635 788 1663 829 ss
1704 787 1920 841 generatim

588 858 755 900 ponatur
774 862 809 900 y
830 862 882 888 z
908 863 925 888 1
951 883 963 902 ,
992 849 1081 891 huic
1099 852 1313 891 conditioni
1331 852 1523 904 satisfieri,
1555 852 1708 905 hocque
1742 850 1823 890 casu
1843 861 1921 891 non

584 909 706 952 solam
745 915 958 966 terminos,
1007 915 1072 967 qui
1112 915 1294 956 indicibus
1335 916 1517 968 integris,
1567 915 1626 955 sed
1668 914 1788 955 etiam
1821 925 1921 966 eos,

585 976 652 1028 qui
693 975 818 1016 frustis
863 975 1117 1032 respondeant
1135 1011 1147 1030 ‚
1188 980 1320 1020 vnitati
1375 979 1544 1032 aequales
1575 979 1657 1019 fore
1734 978 1792 1020 At
1825 989 1922 1019 vero

586 1037 648 1079 his
676 1040 959 1082 conditionibus
991 1042 1148 1083 infinitis
1179 1055 1333 1096 qnoque
1363 1042 1444 1082 aliis
1472 1042 1599 1082 modis
1633 1041 1799 1082 satisfieri
1831 1051 1922 1095 pot-

588 1101 642 1142 est
664 1117 673 1143 :
724 1102 749 1143 ii
784 1105 890 1144 enim
925 1117 1090 1159 ponatur
1120 1120 1155 1158 y
1176 1120 1230 1147 1
1257 1119 1274 1145 1
1302 1114 1368 1153 -ξ-
1388 1119 1416 1145 α
1435 1105 1499 1152 fin.
1526 1117 1550 1143 2
1573 1120 1604 1146 π
1623 1118 1653 1147 x
1672 1139 1683 1158 ,
1731 1106 1918 1146 denotan-

587 1173 629 1206 te
665 1181 695 1208 π
730 1166 1170 1210 ίὲωίεὶτειιωῑεῐεηῑίιιῐη
1188 1171 1338 1223 circuli,
1370 1170 1474 1210 cuius
1506 1170 1647 1210 radices
1679 1182 1736 1209 z
1761 1183 1777 1209 1
1806 1202 1817 1222 ‚
1848 1169 1923 1211 erit

570 1231 742 1283 y':1
768 1232 1008 1276 -i-oefin.2
1034 1233 1340 1288 7r(x-i-1);
1373 1243 1412 1273 at
1445 1233 1500 1273 est
1531 1232 1595 1273 sm.
1621 1230 1923 1290 271(x—}-1)

585 1307 644 1334 z
662 1294 728 1337 fin.
755 1308 778 1334 2
802 1311 832 1338 π
853 1310 881 1338 x
903 1328 916 1349 ,
950 1297 1116 1352 ideoque
1135 1301 1188 1352 ys
1211 1312 1301 1352 :y
1321 1331 1333 1350 ,
1368 1306 1452 1338 tum
1491 1309 1588 1337 vero
1620 1298 1746 1351 posito
1777 1311 1872 1340 x:
1892 1309 1912 1337 1

585 1359 658 1398 erit
675 1373 786 1412 y:
805 1373 845 1401 1.
916 1360 1003 1401 Hoc
1039 1374 1134 1400 vero
1166 1363 1247 1400 casu
1281 1361 1434 1399 termini
1471 1360 1687 1399 intermedii
1711 1393 1722 1412 ,
1755 1359 1816 1401 seu
1851 1361 1918 1415 qui

584 1419 771 1461 indicibus
806 1420 934 1460 frustis
968 1422 1222 1474 respondent,
1265 1435 1342 1463 nou
1379 1421 1544 1474 amplius
1584 1424 1731 1480 *vnitati
1781 1436 1917 1479 aequa·

586 1482 727 1524 buntur
745 1515 760 1535 ,
795 1484 921 1538 posito
953 1486 1055 1527 enim
1088 1499 1117 1527 x
1137 1500 1191 1526 z
1208 1488 1255 1538 ’ξ-
1285 1488 1357 1527 erit
1377 1500 1410 1538 y
1428 1498 1483 1525 Ξ
1509 1503 1526 1528 1
1557 1493 1619 1532 -i-
1643 1500 1681 1527 α.

735 1549 770 1598 §.
812 1561 879 1589 11.
915 1549 1116 1607 Qioniam
1151 1552 1215 1592 hic
1251 1563 1330 1592 non
1363 1549 1482 1591 solum
1519 1564 1547 1591 α
1581 1563 1652 1604 pto
1683 1551 1840 1593 arbitrio
1866 1551 1920 1594 as-

585 1612 685 1654 finni
719 1613 874 1668 potest,
911 1615 971 1656 sed
1005 1616 1121 1657 etiarn
1165 1614 1456 1657 innumerabiles
1494 1615 1589 1655 aliae
1622 1616 1809 1656 eiusmodi
1842 1615 1917 1658 for-

586 1677 716 1718 muiie
748 1679 958 1732 excogitari
988 1681 1137 1734 poss'unt
1156 1713 1166 1732 ‚
1197 1693 1292 1734 quae
1325 1677 1565 1733 praescriptas
1596 1679 1838 1720 conditiones
1854 1680 1919 1722 ad-

585 1740 775 1796 impleant
794 1773 807 1794 ,
849 1745 1061 1785 cuiusmodi
1080 1745 1201 1799 sunty
1220 1757 1276 1784 z
1302 1756 1319 1782 1
1348 1751 1409 1788 -4-
1431 1756 1458 1782 α
1477 1743 1542 1783 siu.
1572 1755 1594 1781 2
1611 1758 1648 1783 m
1668 1755 1696 1783 x
1718 1750 1782 1788 -ι-
1805 1742 1830 1782 ἒ
1848 1743 1915 1785 fin.

586 1818 621 1856 4-
639 1820 673 1847 ‘rr
689 1819 719 1848 x
739 1814 804 1855 -i-
825 1821 863 1863 γ
886 1807 949 1849 (in.
972 1812 1002 1847 6
1023 1823 1053 1850 π
1070 1823 1099 1851 ,τ
1116 1816 1182 1856 -Ι-
1202 1819 1276 1851 etc.
1298 1807 1529 1862 perspicuum
1549 1807 1600 1847 cst
1620 1840 1631 1859 ,
1650 1807 1917 1860 interpolatio-

590 1882 682 1912 nem
719 1871 783 1912 vel
819 1871 925 1913 huius
959 1872 1251 1927 simplicissimae
1285 1871 1387 1913 seriei
1428 1884 1447 1910 1
1472 1878 1537 1919 —i-
1564 1884 1582 1910 1
1610 1878 1675 1918 -}-
1700 1884 1718 1910 1
1744 1878 1810 1917 -i—
1842 1881 1914 1913 etc.

587 1947 770 1987 qnatenus
802 1936 909 1976 aliter
940 1949 1018 1977 non
1071 1937 1249 1979 definitur
1268 1971 1278 1990 ,
1309 1937 1379 1978 nist
1408 1937 1510 1992 quod
1544 1935 1697 1988 quilibet
1739 1937 1917 1977 terminus

588 2000 829 2040 antecedenti
851 2000 1011 2056 aequalis
1043 2003 1113 2043 etse
1136 2034 1148 2054 ‚
1184 2003 1331 2057 primus
1348 2013 1444 2041 vero
1463 1999 1607 2038 vnitatc
1626 2000 1793 2052 exprimi
1813 2000 1916 2041 dica·

590 2072 668 2113 tur,
704 2064 1036 2116 interpolationem
1058 2067 1229 2108 maxime
1251 2064 1322 2107 effe
1343 2063 1678 2105 indeterminatam
1700 2080 1708 2104 ;
1729 2076 1815 2104 cum
1837 2074 1915 2104 ter-

590 2126 687 2170 mini
708 2128 925 2172 intermedii
945 2129 1088 2173 indices
1115 2131 1298 2174 habentes
1333 2127 1471 2172 stadios
1488 2160 1500 2182 ‚
1532 2128 1810 2184 quibuscunque
1845 2139 1915 2168 nu-

1796 2201 1916 2235 mens
