2052 2668
535 222 588 263 4¹
601 221 625 248 2
778 203 1249 255 OBSERVATIONES
1271 204 1590 256 HISTORIAM

537 334 658 364 ouum
712 322 921 364 masculino
968 321 1115 364 stmine
1154 322 1251 365 intra
1283 335 1422 380 corpus
1440 357 1453 378 ,
1491 323 1594 379 quod
1627 323 1666 364 in
1699 322 1861 379 piscibus

540 384 694 441 spinofis
724 395 830 427 extra
861 399 1017 440 corpus,
1050 387 1264 442 contingit;
1286 390 1456 444 voluptas
1488 389 1639 430 sentitur
1671 399 1722 428 ex
1747 386 1860 430 attri-

543 460 585 491 tu
617 460 654 490 et
682 448 881 490 emiffione
914 450 1093 502 seminis,
1124 451 1228 504 quod
1261 461 1300 491 et
1330 453 1368 494 in
1402 452 1557 508 piscibus
1573 452 1721 493 obtinet
1740 464 1754 506 3
1772 465 1873 493 mu·-

543 523 606 554 tua
638 512 811 554 amicitia
842 513 884 554 in
914 512 1198 555 conuersatione
1230 515 1443 558 stimulante
1474 516 1617 570 fimguis
1650 514 1859 569 disponitur

544 577 591 618 ad
625 576 840 618 vberiorem
874 575 1023 619 seminis
1055 575 1301 620 secretionem
1319 611 1332 631 ,
1365 580 1505 621 fiitiuae
1521 579 1733 621 excretioni
1751 578 1859 621 desti-

542 650 670 682 natam
686 673 699 693 ,
752 643 853 695 quod
894 652 934 682 et
965 653 1034 696 per
1066 651 1240 684 mutuam
1275 642 1600 686 cohabitationem
1621 643 1660 683 in
1703 642 1860 696 piscibus

540 701 701 746 succedit
726 718 737 758 ;
759 704 898 747 semine
929 705 1169 758 stimulante,
1189 707 1250 747 vel
1271 707 1455 760 volitione
1481 704 1702 760 voluptuofii
1716 739 1727 759 ,
1743 718 1859 759 orga-

544 781 592 810 na
622 768 867 823 disponuntur
896 770 936 810 in
969 769 1126 823 piscibus
1146 783 1159 823 3
1179 770 1377 824 plenitudo
1395 770 1567 812 valorum
1588 801 1601 820 ,
1642 769 1717 810 hoc
1750 780 1792 810 vt
1821 770 1862 810 in

543 834 721 874 omnibus
755 832 1006 884 animalibus,
1037 831 1159 872 efficit
1192 832 1467 872 intumescentia
1518 844 1750 884 organorum
1791 845 1864 874 ex-

541 898 794 939 cretoriorum
816 928 830 948 ,
862 895 1104 936 fennentano
1124 923 1136 944 ‚
1176 903 1215 934 et
1233 893 1420 935 seminum
1454 893 1649 947 peculiaris
1678 895 1778 935 odor
1806 903 1862 935 at·

541 961 754 1000 tentionem
786 958 1004 1000 animalium
1038 957 1208 998 excitant
1238 959 1386 1001 ratione
1407 956 1647 1010 eamntium;
1681 956 1768 998 hinc
1785 968 1874 1013 quo·

537 1032 717 1076 tempore
740 1023 882 1064 animal
900 1021 1047 1076 optimi
1065 1021 1119 1062 est
1137 1020 1305 1072 habitus,
1323 1033 1367 1062 ac
1395 1030 1571 1074 tempore
1605 1019 1650 1060 fit
1681 1020 1864 1062 libidino-

544 1085 625 1127 sum
645 1117 656 1137 ,
690 1096 777 1126 tunc
811 1097 850 1126 et
879 1079 1149 1139 consequenter
1179 1082 1402 1140 congressus
1417 1096 1492 1140 pro
1509 1084 1784 1127 alimentorum
1803 1097 1863 1126 ra·

546 1149 654 1193 tione
686 1149 839 1203 periodi
871 1160 1050 1202 tempore
1085 1148 1196 1191 fiunt.

659 1211 816 1268 Organa
847 1212 1102 1268 generationis
1131 1213 1171 1253 in
1203 1211 1302 1254 hunc
1333 1224 1450 1267 vsque
1480 1211 1590 1254 diem
1614 1224 1696 1254 non
1714 1211 1866 1254 dete&

546 1276 626 1318 sunt
645 1307 658 1329 ‚
689 1287 729 1318 et
761 1289 839 1319 non
873 1274 1073 1318 necess-aria
1093 1290 1106 1333 ;
1126 1275 1216 1318 hinc
1233 1308 1245 1330 ,
1264 1286 1309 1318 vt
1325 1277 1527 1319 intentioni
1543 1276 1694 1319 diuinae
1710 1285 1864 1319 contra·

552 1340 605 1383 ria
624 1374 636 1395 ‚
668 1353 746 1382 non
770 1342 1004 1396 detegentur.

664 1404 826 1458 Propter
858 1406 960 1448 hunc
990 1404 1227 1459 congressum
1258 1403 1442 1447 subeunt:

612 1482 652 1510 1.
687 1467 805 1510 Pisces
835 1481 860 1510 e
893 1471 989 1512 mari
1023 1470 1158 1510 fluuios
1189 1470 1282 1510 citra
1330 1469 1446 1511 aliam
1495 1469 1762 1512 neceffimtem.

616 1545 657 1572 2.
694 1531 730 1573 E
763 1532 912 1574 lacubus
943 1531 1136 1586 profundis
1167 1533 1314 1573 fluuios.

616 1605 656 1644 3.
693 1594 730 1636 E
768 1594 970 1636 fluuiorum
1028 1595 1330 1648 profundioribus
1377 1594 1470 1635 locis
1517 1596 1565 1638 ad
1598 1595 1868 1639 remotiffimoe

549 1659 673 1700 sontes
690 1690 702 1709 ,
733 1656 906 1712 quorsum
938 1658 1026 1698 alias
1056 1670 1247 1712 nunquam
1281 1659 1537 1713 peruenirent.

614 1737 658 1773 4.
696 1721 731 1762 E
764 1721 914 1762 latebris
955 1722 994 1762 in
1036 1721 1174 1761 lucem.

618 1798 657 1836 ς.
694 1785 797 1826 Hinc
830 1798 910 1840 quo
942 1785 1065 1837 magis
1093 1783 1201 1825 Deus
1237 1793 1379 1830 terram
1432 1783 1592 1838 piscibus
1630 1785 1771 1827 nutrire
1789 1815 1800 1836 ,
1827 1795 1868 1828 et

553 1851 668 1893 ditare
698 1849 853 1900 voluit,
886 1862 937 1890 eo
971 1849 1094 1903 plures
1134 1849 1322 1889 eiusmodi
1364 1847 1506 1902 pisteS,
1556 1858 1595 1889 et
1647 1848 1745 1890 inter
1794 1848 1869 1895 hos

554 1927 693 1968 magna
727 1914 876 1964 ouaria,
910 1924 950 1953 et
968 1913 1121 1967 grandia
1139 1925 1212 1952 oua
1232 1911 1429 1963 habentia,
1454 1912 1581 1966 dedit3
1600 1912 1688 1953 hinc
1721 1922 1761 1953 et
1782 1911 1868 1955 Sal-

553 1990 688 2019 moucs
721 1976 873 2030 nullibi,
908 1979 946 2018 in
979 1986 1060 2017 tota
1092 1987 1279 2017 terrarum
1296 1976 1413 2024 orbe,
1438 1976 1866 2031 frequentiores,quam

556 2042 597 2082 in
665 2039 817 2083 Ruslico
884 2039 1059 2094 Imperio
1083 2073 1097 2092 ,
1151 2050 1192 2080 ct
1242 2039 1499 2093 frequentior,
1552 2051 1632 2096 quo
1697 2041 1870 2083 miserius

555 2105 670 2145 clima
701 2137 712 2156 ,
770 2113 810 2144 ct
864 2105 1070 2158 pauperior
1119 2114 1216 2144 terra
1264 2102 1403 2144 euadit.
1500 2102 1559 2146 ln‹
1595 2105 1702 2146 terris
1751 2105 1870 2147 Kam-

554 2168 737 2210 tschaticis
783 2168 904 2210 nullus
954 2168 1044 2210 alius
1093 2167 1251 2210 habetur
1297 2165 1406 2222 piscis
1424 2198 1436 2220 ,
1493 2180 1587 2210 cum
1630 2181 1699 2211 nec
1731 2170 1867 2224 panis,

1796 2242 1863 2272 nec
