2052 2668
536 194 940 240 CONTINVATIO.
1012 259 1017 261 Δ
1323 215 1380 253 43
1391 212 1413 253 ς

124 318 188 352 tus
217 309 310 350 sum.
377 306 586 350 Cometam
623 308 686 347 iste
725 308 806 348 satis
838 309 1002 349 lucidum
1051 308 1224 361 fistebat3
1274 311 1425 353 nucleus

130 384 255 414 autem
290 384 368 413 tam
405 372 504 412 male
536 371 751 419 terminatus
801 373 1002 424 apparuit,
1053 381 1097 411 vt
1139 372 1299 424 figuram
1350 375 1426 414 eius

130 437 336 476 discernere
369 447 444 474 non
476 434 616 473 liceret.
684 433 874 474 Nucleum
909 433 1186 488 Atmosphaera
1225 434 1273 475 fitt
1307 435 1425 477 luczda

129 498 408 548 circumdabat,
441 497 580 537 lumine
612 506 738 536 tamen
775 499 952 536 continuo
998 497 1206 537 decrescens
1236 510 1257 542 a
1291 500 1426 539 nucleo

132 560 252 600 versus
282 570 449 599 extrema
469 591 480 609 ,
516 561 566 598 ita
586 590 596 608 ‚
628 569 668 598 rt
700 558 830 599 Solem
866 559 982 600 versus
1012 559 1128 613 figura
1167 560 1426 602 semicirculari

128 623 211 663 satis
243 622 388 669 sensibili
422 621 715 674 terminaretur3
757 623 795 661 in
829 622 982 673 regione
1015 635 1109 662 vero
1142 635 1163 661 a
1198 622 1286 663 Sole
1305 623 1427 670 anersst

125 697 214 725 cum
249 684 493 738 productione
522 684 658 723 caudae
690 684 824 735 absque
855 686 1020 724 termino
1062 685 1216 726 senfibili
1269 686 1426 727 confun-

127 749 290 787 deretur.
325 747 471 787 Partem
493 745 794 797 Atmoi'phaerae
814 745 1069 787 lucidiffimam
1083 759 1125 788 *et
1144 749 1276 788 nucleo
1294 751 1426 802 proxi-

128 823 234 851 mam
267 811 521 850 acuminatam
554 808 695 847 credidi
727 807 881 847 caudam
914 804 1067 849 versus(
1115 810 1263 849 Lumen
1288 812 1426 852 caudae

127 873 333 912 admodum
366 870 489 910 debile
518 879 556 908 et
588 869 769 922 pallidum
800 869 929 908 ‘rubus
959 871 1023 912 i-sse
1047 872 1210 913 docebat
1227 905 1238 923 ,
1267 885 1428 926 eamque

126 935 174 975 ad
210 947 278 973 20.
312 934 452 972 minuta
484 932 606 983 prima
640 932 786 971 circiter
816 932 1006 973 extensam
1050 933 1248 974 dfficulter
1296 936 1428 976 distin-

128 1008 240 1048 guere
261 995 389 1036 licuit.
453 992 651 1033 Diameter
683 994 982 1045 Atmosphaerae
1013 998 1058 1037 ad
1093 996 1232 1038 sensum
1266 1001 1283 1044 ὗ
1315 1010 1428 1052 capa-

123 1059 244 1098 citatis
260 1058 297 1096 T
300 1058 360 1097 ubi
392 1055 616 1109 Gregoriani
640 1057 851 1109 «occupabat
869 1086 880 1105 ,
912 1069 1028 1110 eaque
1047 1058 1288 1100 Diametrum
1309 1063 1427 1104 nuclei

125 1119 321 1160 duodecies
359 1121 396 1159 in
444 1119 478 1158 se
515 1118 762 1169 continebat,
812 1129 993 1172 quantum
1042 1124 1193 1174 quidem
1247 1124 1429 1165 terminus

125 1182 243 1222 nuclei
278 1182 435 1221 incertus
469 1181 677 1221 nesti-mium
714 1181 787 1221 hoc
819 1182 1009 1222 conceffit.
1045 1185 1133 1224 Hoc
1169 1185 1285 1238 pacto
1308 1219 1317 1236 ,
1336 1200 1426 1228 cum

125 1244 257 1284 Tubus
293 1249 365 1295 19}
397 1246 543 1284 minuta
575 1245 697 1297 prima
738 1244 863 1285 circuli
912 1247 1072 1287 maximi
1123 1260 1254 1302 capere
1306 1248 1427 1302 solet,

128 1305 327 1348 Diameter
361 1307 660 1361 Atmosphaerae
692 1309 852 1361 emergit
885 1320 941 1345 :-
975 1310 1032 1348 22.
1071 1310 1195 1364 24'';
1227 1309 1430 1353 Diameter

127 1381 255 1411 autem
291 1371 407 1411 nuclei
440 1384 495 1410 :-
536 1367 626 1409 12¹³
636 1404 642 1411 .
706 1370 824 1411 fixas
856 1383 932 1410 non
949 1372 1064 1412 nullas
1095 1374 1259 1414 minores
1299 1375 1337 1413 in
1370 1387 1428 1414 re·

126 1433 242 1486 gione
275 1432 460 1473 Cometae
494 1446 559 1486 per
592 1433 745 1473 Tubum
776 1433 932 1474 Astron.
970 1446 1009 1483 5.
1040 1439 1129 1489 ped.
1180 1438 1430 1478 animaduerti

114 1496 282 1549 ‘quidem
314 1505 352 1535 et
383 1496 429 1534 ab
462 1496 591 1535 iisdem
625 1496 809 1536 distantias
838 1495 1026 1537 Cometae
1066 1511 1142 1551 ope
1183 1499 1428 1540 Micrm‘netri

127 1559 328 1611 explorare
361 1558 503 1611 sategi·7
540 1558 590 1597 ast
624 1569 812 1598 conamen
846 1572 964 1599 omne
998 1561 1112 1599 nubes
1144 1562 1347 1614 {aepiffime
1373 1563 1430 1601 in-

128 1623 370 1661 temenientes
402 1631 439 1660 et
469 1621 643 1672 deinceps
682 1621 935 1674 crepusculum
988 1624 1216 1663 matutinum
1265 1624 1432 1676 ingraue-

127 1682 226 1722 scens
254 1685 395 1723 irritum
439 1683 690 1721 reddiderunt.

128 1770 401 1832 Definitio
442 1761 770 1827 eleuationis
822 1773 937 1850 poli
987 1793 1064 1831 ex
1124 1774 1428 1834 altitudini-

435 1851 534 1910 bus
574 1853 710 1910 Solis
751 1853 1123 1915 solstitialibus,

245 1970 355 2012 Circa
386 1970 583 2013 solstitium
618 1973 793 2014 aestiuum
829 1987 888 2014 an.
929 1981 1059 2026 1748.
1095 1977 1312 2033 Quadrante
1341 1991 1435 2020 con-

129 2036 231 2075 sueto
267 2035 453 2075 obseruaui
486 2036 705 2076 altitudines
735 2037 845 2076 limbi
879 2037 1073 2091 superioris
1111 2040 1208 2081 Solis
1257 2044 1435 2083 meridia-

127 2110 220 2147 nas,
255 2108 300 2138 vt
334 2098 417 2137 inde
450 2098 609 2138 altitudo
641 2099 848 2139 meridiana
880 2101 1070 2142 solstitialis
1101 2105 1219 2142 centri
1239 2102 1333 2144 Solis
1356 2106 1434 2147 erui

127 2160 259 2214 posset.
326 2158 426 2200 Cum
471 2160 728 2201 correctiones
768 2162 888 2203 adhuc
938 2164 1084 2218 prorsus
1132 2165 1202 2206 sint
1249 2167 1430 2220 eaedem,

686 2222 863 2264 1112
1342 2241 1430 2284 quac
