2052 2668
566 187 653 228 390
1009 175 1483 222 OBSERVATIONES

563 289 632 329 dus
659 290 817 330 ostendit
852 304 942 342 94·7
976 290 1227 344 stigidiffimus
1257 304 1382 333 autem
1423 304 1531 341 ¹745
1559 324 1569 341 ,
1599 293 1660 344 qui
1695 291 1875 331 nimirum

562 352 739 407 deprcffit
774 355 1119 414 Thermomctrum
1153 358 1197 395 ad
1229 355 1362 408 gradus
1398 368 1448 404 13
1488 355 1579 395 iufra
1617 367 1658 394 ο.
1901 342 1909 350 N

683 474 719 520 §.
755 494 799 531 4.
833 481 896 521 Ad
929 494 1076 522 aurosus
1109 482 1306 538 boreales,
1357 493 1419 525 aut
1452 483 1659 524 earundem
1710 482 1847 523 indicia
1868 512 1879 531 ,

562 542 683 582 refero
720 543 754 584 h
756 556 840 584 tec

632 614 751 658 1747
776 638 787 659 ‚
824 607 983 648 Ianuarii
1020 621 1073 647 22
1095 641 1107 661 ‚
1141 608 1235 649 hom
1273 621 1324 648 ιο
1358 579 1459 663 vesp.
1502 611 1700 652 videbatur
1750 619 1880 649 aurora

754 671 946 724 borealis,
979 671 1071 713 hinc
1103 682 1144 713 et
1175 674 1263 713 inde
1295 682 1434 724 mota,
1468 675 1576 715 coelo
1609 672 1774 728 perfecte
1821 671 1881 711 se-

752 746 881 788 reno3
918 744 999 775 tota
1027 736 1104 777 fere
1153 737 1271 776 noste
1303 735 1510 777 coruscans.

814 798 926 839 Febr.
967 809 1019 846 13
1044 831 1055 850 ‚
1091 799 1185 840 hom
1221 804 1243 839 8
1282 799 1386 851 vesp.
1425 801 1493 839 lux
1526 801 1673 853 borea,
1708 813 1777 854 per
1795 810 1880 841 me-

757 861 839 902 dias
871 863 987 902 nubes
1018 871 1059 900 et
1089 862 1233 914 pluuias
1250 889 1261 911 ,
1291 860 1431 900 crebris
1455 862 1768 903 coruscationibus
1783 874 1880 902 con·

752 924 878 976 spicua
912 922 1123 964 videbatur.

819 985 954 1027 Mart-ii
987 990 1045 1025 26
1062 1019 1074 1039 ‚
1109 986 1204 1028 hora
1240 999 1269 1036 9
1303 987 1406 1040 vesp.
1439 985 1540 1027 inter
1590 988 1708 1030 nubes
1757 988 1883 1038 conti--

755 1049 878 1089 tinuas
911 1050 1023 1090 dubia
1055 1049 1155 1091 mihi
1187 1050 1384 1091 videbatur
1418 1049 1504 1090 talis
1535 1050 1611 1109 uix.

823 1113 968 1166 Aprilis
1005 1119 1028 1155 8
1049 1145 1060 1166 ,
1095 1114 1195 1154 inter
1227 1113 1371 1167 pluuias
1423 1125 1523 1154 raras
1570 1114 1873 1168 conspiciebatur

753 1177 820 1218 lux
850 1176 1138 1230 borealisvaga
1158 1208 1170 1228 ,
1219 1185 1260 1216 et
1292 1177 1495 1231 irrequieta
1516 1206 1528 1227 ‚
1581 1175 1674 1218 hom
1714 1183 1735 1219 8
1774 1176 1878 1230 vesp.

817 1239 1000 1280 Ostobris
1037 1252 1090 1290 23
1117 1275 1127 1290 ,
1162 1239 1257 1280 hora
1292 1252 1320 1289 9
1354 1252 1396 1293 p.
1434 1252 1489 1280 ιιι.
1527 1238 1600 1281 visa
1634 1241 1687 1282 est
1720 1241 1787 1281 lux
1807 1241 1876 1280 bo-

754 1303 858 1345 realis
890 1315 1058 1356 magu.‚1
1094 1303 1204 1343 radiis
1238 1303 1321 1343 latis
1353 1312 1395 1343 et
1427 1303 1550 1354 albis,
1584 1301 1718 1346 surium
1760 1302 1878 1344 ascen-

755 1367 956 1417 dentibus,
991 1366 1170 1420 insigni5,
1203 1378 1247 1406 ac
1279 1378 1396 1419 vsque
1425 1366 1472 1406 ad
1503 1366 1685 1443 Aussuun
1710 1368 1786 1407 fere
1808 1379 1882 1407 cx-

756 1429 888 1483 tensa,
921 1431 960 1469 in
997 1429 1193 1470 serenitate
1221 1429 1357 1470 multa.

638 1499 789 1545 1748,
821 1493 967 1546 Aprilis
1001 1506 1055 1545 1,
1088 1493 1184 1534 hora
1217 1505 1244 1542 9
1278 1506 1317 1545 p.
1354 1505 1411 1533 m.
1446 1492 1627 1545 conspexi
1656 1492 1781 1534 mecm
1810 1493 1880 1532 bo

756 1556 897 1596 realem
920 1588 931 1606 ,
969 1556 1093 1596 versus
1126 1556 1280 1609 plagam
1315 1553 1341 1595 S
1380 1553 1439 1593 W
1473 1567 1622 1609 quoque
1657 1555 1847 1596 cxtcuh'un
1869 1589 1880 1608 ‚

757 1619 903 1671 integm
940 1618 1016 1658 scre
1051 1617 1257 1658 serenitate.

817 1681 916 1721 lunii
952 1691 975 1727 3
1000 1713 1010 1730 ,
1046 1682 1197 1733 vestigia
1230 1681 1337 1720 huius
1369 1681 1458 1720 lucis
1494 1681 1681 1733 quaedam
1709 1683 1784 1721 vidi
1807 1682 1879 1722 lio-

756 1756 798 1785 ra
834 1756 889 1784 ιο
925 1756 963 1796 p.
999 1756 1054 1783 m.

639 1817 759 1858 1749
782 1840 793 1860 ,
826 1806 1053 1861 Septembris
1090 1817 1144 1843 22
1168 1837 1178 1856 ‚
1214 1805 1307 1846 hora
1333 1811 1354 1847 8
1375 1805 1481 1848 nost.
1504 1806 1540 1845 in
1575 1805 1773 1847 serenitate
1794 1821 1878 1861 per-

759 1871 853 1912 scsta
873 1903 885 1922 ‚
920 1881 1059 1923 magua
1090 1871 1267 1922 apparuit
1300 1870 1401 1909 coeli
1435 1869 1578 1910 rubedo
1598 1901 1609 1919 ,
1644 1882 1758 1924 quam
1799 1872 1879 1912 vul-

760 1948 827 1988 gus
881 1946 952 1988 pro
1000 1942 1144 1973 exorto
1175 1933 1352 1974 incendio
1385 1931 1541 1983 habuit,
1585 1933 1641 1974 scd
1675 1946 1770 1987 quac
1806 1935 1881 1975 fine

759 1999 876 2038 dubio
907 1997 954 2037 ab
989 2008 1126 2037 aurora.
1154 1997 1296 2038 borcali
1315 2029 1326 2049 ,
1360 1995 1423 2037 sub
1456 1995 1658 2037 horizonte
1683 1997 1809 2039 nostro
1827 1991 1886 2040 124

758 2070 861 2101 tentc
882 2092 893 2112 ‚
927 2059 1095 2113 profesta
1126 2057 1209 2101 fuit.

1765 2126 1797 2172 §.
1835 2136 1877 2173 5.
