2052 2668
366 217 598 265 PISCWM
630 217 1112 266 CONCERNENTES.
1343 235 1434 274 40⁷

210 332 266 386 b).
286 334 374 374 Vno
391 335 472 375 aetu
490 341 547 374 tot
565 332 744 375 milli-ades
768 346 929 376 ouorum
948 334 1044 374 intus
1061 332 1311 386 impraegnati
1354 346 1434 374 non

145 397 303 450 possent.

206 458 265 514 c).
331 459 533 501 Continuus
589 469 712 513 partus
760 470 799 501 et
865 462 984 502 coitus
1048 459 1137 499 esset
1186 456 1432 511 necessarius,

143 523 244 575 quod
291 523 467 563 debilibus
488 554 499 574 ,
535 533 573 562 et
606 525 689 563 otio
737 524 804 564 soli
851 524 1060 564 viuentibus
1079 553 1091 572 ,
1142 532 1180 562 et
1221 523 1438 562 incremen-

137 594 182 624 .ta
216 587 471 638 capientibus,
503 588 676 626 creaturis
723 587 780 627 his
821 598 945 626 noxae
982 595 1020 626 et
1053 585 1206 625 exortio
1236 585 1347 626 foret.

205 645 258 701 d).
323 646 366 690 Si.
397 648 577 689 continuo
593 651 926 701 congrederentur,
947 649 1086 687 nullam
1113 647 1440 688 custodiendorum

142 720 301 750 ouorum
320 721 448 750 curam
467 711 742 762 impenderent,
760 710 821 749 vel
838 721 925 761 prae
943 709 1098 748 libidine
1116 710 1334 762 impendere
1353 709 1440 763 pos-

138 769 239 821 sent,
265 783 308 812 ac
327 773 520 813 numerossi
538 784 611 814 oua
631 774 668 812 in
687 783 834 813 vanumv
854 771 1000 811 abirent
1018 802 1029 820 ,
1062 771 1146 822 quia
1178 773 1216 809 in
1241 772 1436 812 elemento

141 844 256 886 aquae
294 834 436 884 fluxili,
468 845 508 874 et
527 837 624 874 inter
654 843 712 873 tot
743 835 856 886 pisces
874 843 938 884 ,et
955 833 1110 880 infesta,
1130 833 1211 872 ouis
1236 833 1440 874 alienarum

144 895 348 947 specierum
385 895 530 935 infidias
547 895 740 936 struerent:
780 895 832 935 ita
850 906 943 934 vero
976 906 1066 935 cum
1092 892 1236 948 organa
1259 895 1398 938 >desunt
1425 927 1437 948 ,

144 959 268 998 ouaria
286 957 511 1012 ampliffima
530 956 610 997 sunt
627 989 639 1009 ,
671 959 760 999 duas
785 966 908 1011 partes
924 956 1136 999 abdominis
1170 959 1405 1011 occupantia.

713 1020 867 1059 Theses.

204 1094 244 1121 1.
310 1081 446 1123 Ouaria
480 1083 654 1123 maxima
684 1079 764 1122 sunt
796 1083 836 1121 in
866 1081 1019 1134 piscibus
1051 1082 1215 1123 maximi
1249 1084 1355 1134 vsus,
1395 1092 1441 1126 vt

138 1143 176 1184 in
217 1143 443 1186 Salmonum
481 1157 616 1198 genere
635 1177 646 1196 ,
696 1157 771 1198 quo
812 1145 976 1198 integrae
1010 1146 1182 1198 regiones
1200 1176 1211 1196 ,
1262 1154 1439 1199 tanquam

141 1207 256 1248 vnico
288 1207 418 1259 vic'tu,
452 1207 702 1248 sustentantur.

208 1282 248 1308 2.
282 1269 372 1325 Quo
421 1270 563 1310 maiora
618 1282 690 1311 oua
710 1301 721 1320 ‚
765 1279 804 1311 et
851 1281 927 1324 quo
976 1271 1096 1324 magis
1145 1272 1314 1313 nutriunt
1333 1304 1344 1324 ,
1387 1284 1435 1314 eo

144 1333 261 1385 magis
294 1333 458 1372 nutriunt
487 1333 630 1386 pisces,
664 1342 708 1374 vt
738 1331 947 1374 Salmones.

209 1405 250 1440 3.
287 1396 378 1451 Quo
410 1396 554 1436 maiora
591 1408 661 1435 oua
681 1429 692 1449 ,
735 1408 782 1436 eo
829 1397 957 1437 citiora
998 1396 1229 1437 incrementa
1258 1397 1405 1439 sumunt
1423 1428 1434 1449 ‚

138 1456 252 1510 pisces
285 1459 374 1497 hinc
406 1459 684 1499 numerosiores
703 1489 714 1510 ‚
751 1472 784 1499 e.
816 1471 853 1512 g.
884 1471 997 1513 genus
1037 1459 1296 1501 Truttaceum.

204 1533 246 1569 4.
301 1519 434 1561 Lac'tes
484 1530 523 1562 et
573 1533 646 1561 oua
695 1530 894 1561 concreata
941 1521 1020 1561 sunt
1075 1520 1229 1575 piscibus
1253 1553 1264 1574 ,
1316 1522 1439 1563 incre-

140 1592 270 1622 menta
301 1583 447 1623 sumunt
499 1595 570 1623 vna
592 1595 691 1625 cum
723 1584 804 1636 ipso
834 1595 991 1636 corpore
1012 1595 1077 1635 ,pa
1111 1592 1243 1624 trunco
1293 1585 1441 1625 descen-

139 1644 252 1683 dente
302 1646 430 1685 arteria
470 1655 596 1686 nortae
615 1678 626 1696 ,
658 1648 757 1698 quod
790 1648 828 1686 in
860 1643 976 1686 Gadis
1007 1647 1158 1698 optime
1199 1648 1436 1699 conspicitur.

205 1717 245 1753 5.
287 1709 479 1747 Truttacei
516 1708 663 1758 grandia
713 1708 852 1746 habent
883 1720 956 1747 oua
976 1738 986 1757 ,
1021 1717 1058 1747 et
1096 1708 1293 1748 foemellae
1324 1709 1436 1749 semel

139 1776 288 1807 tantum
312 1769 350 1807 in
371 1771 445 1808 vita
465 1769 628 1820 pariunt,
648 1769 825 1822 deinceps
841 1801 851 1820 ,
873 1769 1052 1809 exhausto
1071 1771 1226 1822 ouatio,
1260 1782 1430 1823 pereunt.

202 1833 245 1868 6.
278 1829 323 1870 In
355 1831 501 1884 reliquis
535 1831 831 1883 longaeuioribus
869 1844 940 1871 oua
961 1832 1109 1873 minora
1128 1831 1207 1872 sunt
1226 1865 1236 1884 ,
1276 1843 1312 1872 et
1339 1847 1434 1874 nun·-

138 1905 247 1946 quam
281 1894 422 1946 penitus
453 1893 748 1944 exhauriuntur,
799 1894 855 1934 sed
888 1894 1035 1934 subinde
1076 1895 1284 1935 accrescunt
1319 1908 1431 1940 noun.

203 1965 244 2002 7.
295 1955 394 1996 Cum
414 1965 538 1996 autem
565 1958 695 1995 omnia
730 1957 903 1996 animalia
936 1957 1155 2010 voluptuosa
1174 1958 1335 2011 quadam
1355 1958 1434 1999 ien-

138 2017 274 2058 satione
291 2020 336 2060 ad
357 2019 499 2058 coitum
519 2050 529 2069 ,
564 2028 603 2058 et
622 2031 690 2071 per
707 2018 931 2072 consequens
949 2020 992 2060 ad
1021 2020 1153 2072 speciei
1194 2020 1272 2059 suae
1294 2033 1434 2073 propae

135 2082 341 2134 gitioiiem,
358 2081 571 2133 innitantur,
588 2082 675 2121 hinc
695 2092 844 2122 naturae
862 2082 990 2122 iniuria
1008 2083 1156 2124 videtur
1174 2083 1242 2123 effe
1261 2083 1297 2122 in
1319 2084 1433 2134 pisces

135 2144 309 2197 spinosos,
326 2145 417 2184 dum
438 2156 512 2183 nou
530 2154 677 2196 coeunt,
694 2143 961 2197 consequenter·
971 2156 1034 2184 eos
1054 2146 1192 2186 nullam
1213 2157 1359 2198 quoque
1371 2160 1431 2186 ca-

135 2219 226 2261 pere
245 2208 478 2261 voluptatem
499 2204 514 2248 ἓ
544 2204 617 2248 Sed
633 2206 929 2261 respondendum
962 2207 1013 2248 est
1035 2223 1042 2249 ;
1061 2207 1151 2249 licet
1169 2208 1281 2262 pisces
1301 2210 1427 2249 maxi-

1323 2284 1429 2320 nium
