2052 2668
570 232 622 272 41
632 222 662 260 6
797 213 1276 264 OBSERVATIONES
1317 216 1645 262 HISTORIAM

531 348 536 355 ·
571 335 768 389 gentibus,
786 335 849 388 qui
882 345 981 387 pane
1014 342 1170 386 carent,
1202 342 1240 374 et
1258 332 1310 374 ob
1341 334 1438 375 coeli
1470 344 1509 374 et
1541 343 1660 373 terrac
1681 332 1890 374 inclemen-

569 400 664 439 tiam
702 406 889 451 perpetuo
918 409 1041 438 carere
1073 397 1224 438 debent.
1297 396 1438 451 Sapore
1484 409 1621 438 omnes
1657 399 1891 438 conueniunt

569 475 694 516 prope
730 461 894 502 modurn
927 459 1148 512 salmones,
1184 461 1315 504 elixati
1346 461 1523 503 tusculum
1545 460 1743 515 insipidum
1778 462 1889 502 relin-

569 536 688 579 quunt
707 557 719 577 ,
754 537 796 566 ac
829 537 991 567 omnem
1029 526 1109 565 vim
1145 525 1329 566 nutriendi
1363 526 1410 567 ab
1440 527 1525 580 igne
1559 534 1597 564 et
1628 537 1720 577 aqna
1745 537 1889 579 coagu-

569 590 687 630 latam
723 590 760 629 in
793 587 827 630 se
861 589 1002 630 seruant
1022 620 1033 640 ‚
1070 601 1250 630 venerem
1284 590 1409 643 magis
1441 601 1555 642 quam
1589 601 1716 629 carnes
1757 588 1889 630 stimu-

567 653 643 694 lant
663 686 674 705 ‚
706 655 905 708 praecipue
936 664 1008 693 oua
1028 652 1139 707 idque
1158 653 1280 707 magis
1299 684 1310 703 ‚
1332 653 1359 694 fi
1379 652 1563 694 exsiccata
1581 665 1777 694 mucorem
1796 665 1886 693 con-

568 718 786 771 traxerint3
821 727 1007 772 perpetuo
1038 717 1150 771 igitur
1182 718 1391 758 ieiunantes
1430 716 1631 758 ltaelmeni
1682 716 1890 758 lasciuiores

565 780 658 834 sunt,
676 792 712 822 et
733 782 779 822 ad
814 792 996 822 venerem
1030 782 1254 834 proniores,
1272 793 1388 835 quam
1423 780 1484 820 vel
1522 781 1697 821 maxime
1717 782 1886 821 camino-

567 858 606 885 m
642 845 817 886 animalia
850 844 938 885 alia.
988 842 1102 885 Idem
1133 844 1255 884 etiam
1288 843 1338 882 de
1369 841 1475 882 vistu
1506 851 1545 881 et
1567 844 1742 884 moribus
1759 844 1886 885 Astra-

564 908 781 952 canenfium
817 907 931 947 valet.

684 971 728 1012 In
764 964 923 1011 Historia
941 967 1188 1021 Salmonum,
1221 965 1539 1022 Corregonorum
1558 976 1597 1009 et
1628 969 1885 1012 Osmerorum

566 1033 838 1077 accuratiffime
868 1033 1061 1088 sequentia
1093 1031 1322 1076 obstem-anda
1363 1031 1465 1074 sunt:

635 1111 675 1139 1.
707 1098 926 1152 Longitudo
955 1097 1211 1141 maxillarum.

631 1173 672 1202 2.
707 1161 826 1204 Series
855 1162 1028 1204 dentium
1063 1171 1102 1202 et
1134 1173 1321 1203 numerus.

631 1235 672 1273 3.
711 1226 847 1282 Figura
881 1226 1030 1281 primae
1059 1224 1198 1267 caudae
1230 1222 1465 1268 exactiffime
1505 1223 1803 1269 determinanda.

628 1304 674 1342 4.
707 1290 842 1345 Figunt
874 1291 1013 1334 caudae
1047 1288 1274 1333 musculofite
1306 1299 1397 1333 ante
1432 1288 1585 1344 pinnam
1603 1289 1742 1330 caudae
1759 1322 1772 1344 ,
1791 1301 1882 1335 num

563 1355 722 1396 rotunda
741 1387 753 1406 ,
772 1367 864 1399 num
897 1367 920 1397 e
952 1365 1132 1398 connexo
1166 1355 1276 1409 plana
1297 1387 1309 1408 ,
1342 1355 1394 1396 ita
1423 1352 1521 1397 Keta
1553 1365 1575 1393 e
1608 1364 1787 1396 connexo
1803 1354 1881 1407 pla-

564 1430 674 1469 nam,
702 1418 842 1461 Krasna
862 1429 902 1460 et
934 1417 1038 1462 Biela
1072 1417 1160 1471 ryba
1179 1428 1338 1463 teretem
1357 1428 1398 1458 et
1415 1417 1670 1461 carnofiorern
1690 1417 1879 1458 obtinent.

630 1494 670 1531 5.
703 1481 956 1525 Officulorum
991 1481 1364 1539 branchiostegorum
1396 1481 1516 1535 figura
1535 1513 1546 1534 ,
1575 1491 1614 1521 et
1648 1491 1827 1521 numerus
1844 1481 1881 1523 in

563 1555 727 1600 Vtroque
763 1545 906 1597 latete,
940 1555 981 1585 et
1014 1546 1053 1587 in
1084 1545 1250 1599 pluribus
1280 1544 1462 1586 subiectis.

627 1612 671 1649 6.
706 1608 973 1651 Vertebtarum
1008 1608 1473 1664 ntuneruslexastissimus.

630 1682 672 1721 7.
708 1671 818 1714 Num
852 1671 1053 1713 branchiae
1085 1672 1124 1711 in
1157 1681 1265 1727 parte
1296 1684 1462 1713 concaua
1502 1671 1542 1713 iu
1576 1671 1756 1714 omnibus
1788 1682 1875 1713 ean-

564 1735 658 1779 dem
692 1735 909 1778 stmc'tumm
945 1735 1135 1776 obtinent.

629 1807 671 1843 8.
708 1800 842 1854 Epatis
873 1799 1004 1855 figura.

628 1877 674 1914 9.
705 1864 751 1906 Si
787 1863 868 1905 fieri
903 1863 1028 1918 potest
1058 1862 1315 1918 appendicum
1348 1873 1551 1914 numerus,
1585 1860 1644 1903 sed
1663 1861 1725 1903 hic
1745 1863 1875 1909 variat.

631 1940 701 1968 10.
735 1928 888 1969 Pleume
917 1928 1043 1968 color.

631 2004 703 2032 ιι.
738 1991 993 2033 Officnlorum
1027 1994 1227 2045 pinnarum
1265 2001 1457 2033 numerus.

635 2069 708 2098 12.
742 2054 875 2096 Carnis
909 2055 1043 2095 crudae
1075 2065 1115 2095 et
1147 2053 1279 2096 coctae
1308 2054 1459 2108 qualitas
1487 2063 1526 2093 ot
1559 2055 1677 2095 color.

680 2119 787 2163 Inter
815 2118 1019 2162 Salmones
1051 2118 1203 2162 officula
1236 2117 1517 2174 branchiostega
1567 2120 1769 2161 continent
1806 2132 1881 2165 nu·

563 2195 678 2228 mcro
689 2197 698 2224 ε

1797 2258 1819 2290 ι
1828 2251 1868 2293 a,
