2052 2668
569 180 1125 225 -ΒΕΤΕΗΜΙΝΑΠΟΝΕ,
1445 197 1495 237 41

201 298 315 337 tertio
345 307 484 350 genere
517 307 595 334 non
628 295 748 335 solum
782 307 916 335 omnes
948 296 1123 347 termini,
1159 296 1221 348 qui
1252 295 1506 337 indicibusin-

201 361 312 413 tegris
345 359 597 413 respondent,
633 358 858 410 assignantur
879 389 890 409 ,
925 360 983 399 scd
1018 360 1133 400 etiam
1177 358 1244 398 lex
1291 359 1505 412 praescribi-

198 433 257 465 tur
290 425 388 463 inter
421 424 627 462 terminum
670 423 838 475 quemuis
879 423 1029 476 eiusque
1070 423 1361 474 antecedentes,
1412 435 1506 477 quae

195 487 243 528 ad
292 487 476 526 terminos
513 485 673 525 indicum
718 485 918 524 fractorum
954 498 1070 538 aeque
1103 496 1240 539 patet,
1293 495 1506 526 tamen-ne

197 549 275 591 hoc
308 551 458 603 quidem
493 549 612 587 modo
644 549 748 588 series
790 550 935 601 penitus
974 550 1276 600 determinatur,
1330 549 1392 589 sed
1432 562 1505 604 pro

197 613 359 666 qualibet
390 612 477 651 serie
510 610 615 651 huius
645 611 789 664 generis
821 610 971 662 infiniti*
1014 611 1165 650 termini
1203 613 1394 664 generales
1434 625 1504 654 ex-

195 675 316 716 hiberi
350 673 500 729 poffunt
521 705 531 724 ,
567 675 630 728 qui
661 675 753 714 dum
785 674 937 713 eosdem
985 675 1167 714 terminos
1208 687 1282 728 pro
1321 676 1503 716 indicibus

192 737 346 792 integris
387 738 597 792 praebent,
629 747 755 778 tamen
790 749 861 790 pro
895 736 1018 777 frae'tis
1051 737 1274 778 dissentiunt.

338 797 375 845 ξ.
412 816 452 852 9.
497 802 614 858 Quod
653 814 740 841 cum
784 801 924 840 merito
964 802 1136 842 maxime
1176 802 1400 855 paradoxon
1442 803 1501 843 vi-

191 865 343 915 deatur,
362 878 500 918 operae
520 865 683 918 pretium
718 866 790 904 erit
810 897 820 915 ,
839 864 939 905 hunc
971 866 1292 906 determinationis
1309 865 1495 907 defeetum

189 927 229 967 in
272 927 427 968 seriebus
449 959 459 978 ,
493 940 651 981 quarum
703 929 854 980 quisque
908 930 1089 969 terminus
1121 942 1173 970 ex
1192 930 1502 971 antecedentibus

189 990 389 1040 definitur,
446 991 658 1042 diligentius
714 991 962 1043 perpendere.
1054 991 1257 1034 Sumamus
1296 1006 1388 1045 ergo
1438 1007 1500 1034 ca-

183 1055 264 1094 ·surn
307 1052 612 1106 simplicissimum
633 1085 643 1105 ,
695 1052 899 1106 seriemque
931 1055 980 1094 ita
1013 1055 1159 1094 definiri
1208 1057 1498 1108 concipiamus,

186 1127 230 1156 vt
264 1117 420 1170 quilibet
452 1118 633 1157 terminus
668 1116 825 1170 aequalis
857 1117 896 1157 sit
929 1117 1165 1158 antecedenti
1198 1118 1279 1171 ipsi.
1354 1118 1497 1174 Quodfi

189 1180 267 1219 iam
302 1181 444 1232 primus
473 1179 572 1220 seriei
605 1181 786 1220 terminus
818 1180 988 1221 statuatur
1022 1195 1075 1221 z:
1101 1195 1119 1220 1
1145 1214 1155 1233 ,
1189 1180 1363 1223 secundus
1400 1195 1492 1236 quo-

186 1254 257 1295 que
289 1243 359 1280 erit
404 1254 455 1280 z:
481 1253 498 1278 1
524 1273 535 1291 ,
575 1253 779 1295 omnesque
806 1242 992 1295 sequentes
1015 1277 1025 1295 ,
1058 1245 1120 1297 qui
1138 1245 1319 1286 indicibus
1345 1246 1495 1299 integris

186 1305 410 1355 respondent
429 1336 439 1354 ,
481 1305 615 1344 vnitati
646 1305 896 1357 aequabuntur
914 1339 925 1359 ,
982 1307 1216 1360 nasceturque
1250 1308 1343 1348 haec
1364 1308 1492 1350 series:

180 1377 311 1418 Indic:
395 1388 451 1426 1,
497 1386 553 1426 2,
601 1387 659 1427 3,
701 1387 763 1426 4,
802 1386 859 1427 5,
894 1383 952 1428 6,
989 1390 1048 1429 7,
1088 1389 1144 1430 8,
1178 1396 1238 1429 9,
1278 1397 1364 1432 10,
1416 1393 1490 1422 etc.

181 1440 334 1480 Term:
389 1451 442 1489 1,
484 1450 537 1489 1,
588 1452 643 1490 1,
695 1451 747 1490 1,
795 1452 849 1491 1,
888 1452 941 1491 1,
981 1454 1036 1493 1,
1075 1454 1128 1492 1,
1167 1456 1222 1492 1,
1293 1455 1347 1494 1,
1417 1452 1490 1483 etc.

180 1514 291 1557 atque
308 1502 539 1555 manifestum
561 1502 639 1554 est,
674 1501 786 1542 indici
819 1503 1019 1558 cuicunque
1050 1506 1200 1558 integro
1231 1517 1259 1545 x
1289 1504 1490 1559 responde-

179 1580 219 1608 re
251 1566 456 1606 terminum
490 1577 544 1604 Ξ
568 1579 606 1606 1.
688 1565 1032 1621 Quemadmodum
1073 1578 1202 1609 autem
1244 1570 1395 1610 termini
1429 1572 1489 1610 in·

178 1631 320 1671 dicibus
352 1629 473 1670 fruetis
506 1629 773 1683 respondentes
804 1629 840 1670 se
872 1629 942 1670 sint
976 1631 1161 1684 habituri,
1196 1633 1280 1673 hinc
1310 1647 1386 1674 non
1421 1636 1488 1675 de-

182 1694 338 1732 finitur:
374 1693 448 1733 hoc
483 1703 626 1734 tantum
661 1693 825 1744 constat,
859 1693 886 1734 si
920 1698 1100 1736 terminus
1141 1697 1254 1737 indici
1289 1706 1300 1744 ξ
1333 1699 1484 1751 respon-

180 1755 271 1794 dens
302 1755 406 1794 fuerit
437 1768 491 1793 z
511 1770 538 1796 a
570 1770 703 1797 omnes
752 1770 899 1811 quoque
946 1762 1131 1800 terminos
1151 1794 1161 1813 ,
1211 1762 1273 1813 qui
1306 1761 1486 1802 indicibus

182 1824 225 1868 ξ,
263 1823 306 1868 ξ,
340 1825 382 1869 Ξ,
416 1825 430 1865 {³
463 1829 537 1858 etc.
577 1821 836 1871 conueniunt,
867 1820 949 1861 fore
1002 1837 1054 1862 z
1076 1835 1115 1861 a.
1199 1824 1347 1863 Omnes
1378 1825 1483 1872 enim

180 1880 385 1929 terminos,
429 1895 588 1934 quorum
617 1884 757 1921 indices
784 1883 925 1925 vnitate
945 1916 955 1936 ,
998 1885 1062 1924 vel
1094 1886 1232 1938 aliquot
1252 1887 1450 1927 vnitatibus
1469 1919 1480 1938 ,

178 1942 382 1996 differunt,
416 1957 484 1997 per
517 1946 642 1997 legem
679 1938 942 2000 praescriptam
985 1949 1081 1987 inter
1123 1950 1156 1988 se
1197 1950 1360 2001 aequales
1410 1950 1481 1991 effe

173 2016 356 2058 oportet:
391 2010 473 2061 quia
506 2009 730 2048 antecedens
763 2011 912 2065 quisque
944 2013 1125 2053 terminus
1158 2011 1375 2066 intelligitur
1408 2014 1439 2052 is
1467 2046 1478 2065 ‚

173 2070 273 2109 cuius
305 2071 416 2109 index
450 2071 500 2111 est
536 2073 675 2111 vnit-„ite
711 2073 848 2113 minor.

239 2132 360 2174 Tom.
396 2133 471 2175 111.
501 2135 611 2176 Nov,
644 2133 869 2179 Commeat,
1062 2141 1093 2181 F
1339 2141 1373 2190 ξ.
1400 2153 1469 2181 10.
