2052 2668
576 148 668 198 264
1005 139 1090 181 DE
1119 136 1417 189 MACHINIS

576 258 776 301 hendum:
812 255 919 297 illam
955 253 1175 295 vocab³mns
1209 254 1331 294 oneris
1355 253 1440 293 vim
1476 251 1700 292 renitentem
1721 282 1733 304 ,
1786 248 1888 292 cuius

580 325 679 364 ratio
712 322 753 360 in
790 318 1107 360 determinatione
1157 317 1265 358 status
1308 316 1511 370 aequilibrii
1561 315 1685 355 haberi
1737 315 1851 356 debet
1874 328 1889 367 ·‚

576 385 677 426 hanc
714 395 805 424 vero
838 383 1017 422 inertiam
1052 381 1176 421 oneris
1205 381 1402 431 dicemus,
1434 379 1583 431 quaein
1605 390 1714 419 motu
1731 380 1889 419 demum

577 448 777 502 spectanda
810 447 925 485 venit.
990 445 1056 485 Ad
1089 445 1170 485 vim
1203 445 1324 484 oneri*
1351 444 1568 483 renitentem
1588 443 1746 494 denique
1765 441 1892 482 fricto

575 520 657 551 tota
677 543 688 562 ,
720 522 792 563 qna
826 518 906 549 tam
940 520 1066 548 motus
1099 507 1302 548 Machinae
1319 539 1330 559 ,
1362 519 1474 562 quam
1498 507 1606 560 ipsius
1623 507 1746 547 oneris
1766 506 1891 559 impe·

575 575 676 614 ditur
694 607 705 625 ,
736 573 949 613 commode
977 572 1149 613 'reuocari
1184 570 1321 625 potest.
1387 570 1455 611 Per
1488 571 1758 622 experienti-im
1785 570 1891 609 enim

575 637 721 678 constat
740 668 751 688 ‚
768 635 989 677 frietionem
1007 639 1166 677 eandem
1188 646 1342 674 exerere
1358 633 1533 675 effectum
1549 663 1559 681 ,
1583 646 1626 672 ac
1646 634 1670 673 si
1689 633 1813 673 maior
1840 632 1897 673 vis

580 701 706 741 oneris
724 700 886 740 renitens
902 698 993 738 effet
1011 699 1211 753 inperanda
1231 730 1243 751 ‚
1264 710 1358 751 quae
1378 697 1444 738 etsi
1477 700 1514 737 in
1535 707 1662 750 quiete
1689 696 1896 737 machinae

567 765 717 806 nullam
754 764 836 803 vim
871 761 1002 802 inferat
1022 795 1034 814 ,
1068 763 1105 802 in
1139 772 1250 802 motu
1283 771 1411 800 tamen
1452 761 1577 800 vicem
1631 761 1692 801 vis
1741 770 1895 800 motum

574 827 794 868 retardantis
826 825 992 866 {iistineat
1011 855 1022 874 ‚
1056 834 1094 862 et
1124 824 1276 876 quidem
1309 821 1505 860 constantis
1542 832 1697 861 maneat
1740 821 1895 873 'quanti-

576 892 690 940 tatis,
721 889 797 928 fiue
831 897 961 928 motus
993 886 1134 925 tardior
1165 884 1206 925 sit
1226 915 1237 935 ,
1270 883 1343 924 siue
1383 883 1554 923 cela-rior.
1590 881 1719 938 Quare
1737 883 1763 924 si
1782 884 1897 924 vnico

577 953 844 1005 experimento
875 948 1100 1002 magnitudo
1136 946 1320 988 frictionis
1368 944 1475 986 fiierit
1525 946 1723 998 explorata
1744 979 1756 998 ,
1806 959 1895 988 eam

578 1024 726 1056 tantum
761 1015 798 1053 vi
834 1015 955 1053 oneris
988 1011 1163 1051 renitenti
1182 1010 1317 1050 addere
1334 1011 1533 1049 conueniet
1552 1042 1563 1060 ,
1589 1021 1666 1061 quo
1686 1010 1801 1063 paeto
1816 1010 1905 1050 cala

575 1079 678 1119 cula>
698 1076 969 1118 machinarum
987 1075 1039 1114 ob
1058 1074 1270 1114 frictionem
1292 1085 1371 1113 non
1390 1073 1552 1126 amplius
1575 1073 1862 1124 perturbabitur.

693 1141 727 1188 §.
771 1142 840 1180 16.
878 1137 989 1179 Dum
1021 1148 1150 1178 antem
1182 1147 1311 1177 motus
1349 1136 1522 1189 cuiusque
1574 1134 1781 1175 machinae
1831 1145 1897 1188 per

572 1203 758 1245 calculum
779 1202 1051 1242 determinatur
1069 1233 1080 1252 ,
1115 1201 1308 1253 imprimis
1326 1197 1468 1238 necess‘e
1487 1198 1538 1238 est
1559 1228 1570 1246 ,
1604 1208 1648 1237 vt
1666 1199 1766 1239 vires
1783 1230 1794 1248 ,
1813 1199 1899 1251 qui-

573 1266 641 1307 bus
659 1265 820 1320 singulae
848 1264 1053 1306 Machinae
1090 1274 1216 1317 partes
1235 1263 1271 1303 in
1291 1262 1323 1302 ίὲ
1343 1262 1505 1303 inuicem
1543 1271 1658 1316 agunt
1678 1293 1688 1311 ‚
1728 1272 1899 1302 accurate

574 1329 800 1372 definiantur
821 1343 832 1382 ε,
873 1341 949 1384 quo
967 1327 1108 1369 constet
1129 1360 1140 1379 ,
1173 1337 1350 1381 quantam
1371 1326 1451 1365 vim
1471 1337 1560 1365 cum
1580 1335 1684 1365 rotae
1703 1357 1714 1376 ‚
1736 1335 1819 1365 tum
1838 1323 1898 1364 fis·

575 1405 642 1434 nes
654 1424 666 1440 ,
690 1404 772 1434 tum
793 1404 885 1432 axes
897 1423 908 1441 ‚
928 1395 1034 1445 (uper
1051 1391 1179 1444 quibus
1197 1401 1321 1442 partes
1338 1388 1543 1428 Machinae
1562 1398 1726 1427 rotantur
1746 1419 1756 1438 ,
1775 1397 1896 1428 etiam

575 1455 732 1495 durante
750 1466 859 1494 motu
879 1452 1176 1494 iustinmnt.b.·isi
1193 1453 1297 1492 enim
1316 1452 1362 1491 dc
1382 1451 1454 1490 hoc
1475 1451 1649 1490 fuerimus
1666 1451 1758 1490 certi
1773 1449 1896 1499 ,diffi-

579 1518 650 1557 cile
674 1517 767 1557 foret
787 1526 910 1570 partes
929 1515 1135 1556 Machinae
1156 1515 1214 1555 vel
1233 1526 1309 1554 non
1330 1513 1443 1552 nimis
1477 1513 1682 1553 imbecilles
1712 1512 1863 1554 efficere
1883 1546 1896 1565 ,

578 1580 643 1621 vel
670 1592 749 1619 non
767 1580 879 1619 nimis
913 1579 1074 1619 robustas
1093 1594 1103 1619 ι
1152 1590 1313 1632 quornm
1353 1577 1454 1629 prius
1491 1576 1711 1617 Machinam
1753 1576 1896 1630 prorsus

576 1643 748 1684 inutilem
769 1642 961 1690 redderet,
981 1642 1005 1681 si
1024 1642 1176 1694 quidem
1198 1642 1235 1680 vi
1255 1673 1265 1687 ‚
1296 1652 1409 1692 quam
1432 1640 1468 1677 in
1487 1639 1633 1678 ac‘tione
1651 1638 1744 1679 subit
1765 1670 1775 1686 ,
1796 1640 1896 1679 iusti-

577 1705 722 1746 nendae
740 1717 810 1758 par
830 1716 904 1744 non
926 1703 1028 1744 effer.
1066 1703 1250 1743 Posterius
1274 1714 1370 1740 vero
1405 1711 1482 1739 non
1519 1712 1650 1753 parum
1689 1699 1893 1741 Machinae

578 1768 704 1810 officit
724 1800 735 1820 ,
766 1767 913 1809 sienim
935 1778 1078 1821 praeter
1105 1764 1352 1806 necessitatem
1389 1763 1501 1804 nimis
1534 1763 1679 1804 robusta
1716 1773 1755 1802 et
1790 1763 1895 1804 sort's

578 1831 850 1873 construeretur
871 1864 882 1883 ,
917 1832 968 1871 ob
993 1832 1179 1871 maiorem
1202 1829 1374 1868 inertiam
1396 1837 1497 1866 totns
1532 1837 1659 1867 motus
1694 1827 1895 1867 retardare-

580 1905 672 1947 πυτς
704 1894 866 1948 huicque
888 1894 1142 1935 incommodo
1161 1891 1232 1932 iola
1270 1889 1452 1933 Mathcfis
1487 1888 1676 1929 sublimim-
1702 1891 1893 1932 medelam

580 1957 714 1997 afferre
734 1959 848 1998 vaiet.
885 1957 955 2000 His
973 1958 1115 2011 igitur,
1150 1955 1306 2010 quaead
1327 1953 1517 1993 actionem
1556 1952 1820 1994 machinarum
1856 1965 1893 1993 in

579 2032 717 2075 genere
737 2019 899 2073 spectant
920 2054 930 2072 ‚
963 2021 1143 2073 expositis
1162 2052 1173 2071 ,
1204 2018 1339 2071 singula
1372 2016 1639 2059 machinarum
1675 2028 1806 2069 genera
1842 2014 1892 2056 fi:-

579 2084 746 2124 cundum
768 2083 841 2123 hoc
863 2084 1069 2126 institutum
1089 2082 1324 2139 pertractabo
1341 2113 1352 2133 ,
1387 2093 1429 2123 ac
1447 2081 1578 2135 primo
1595 2081 1745 2135 quidem
1764 2092 1784 2121 a
1804 2077 1892 2120 fim-

580 2146 794 2203 plicioriboe
811 2148 1001 2189 exordiar.
