2052 2668
577 146 667 195 276
1002 145 1086 188 DE
1119 143 1419 191 MACHINIS

566 270 617 300 eo
651 258 772 313 magis
801 257 1060 300 diminuantur
1080 290 1092 310 ‚
1127 273 1203 315 quo
1233 260 1388 309 celerius
1418 264 1495 304 iam
1534 259 1632 316 ipsae
1648 272 1886 316 mouentur,

569 329 693 376 atque
714 324 1035 363 determinantum
1069 323 1271 366 celeritatis
1311 329 1468 382 gradum
1502 327 1705 379 transgredi
1747 340 1884 382 neque·

571 395 649 427 ant.
716 385 789 427 Hic
820 396 948 427 antem
982 387 1058 441 ipse
1093 389 1258 441 modus,
1307 403 1385 446 quo
1436 391 1613 431 animalia
1662 391 1764 433 vires
1811 393 1887 434 suas

573 448 1020 503 exercent,potissimum
1040 451 1093 492 est
1112 451 1349 506 spectandus.
1366 455 1440 496 siue
1456 464 1567 508 agant
1587 454 1792 507 trahendo,
1811 455 1884 496 siue

571 513 863 565 trudendo,s1ue
889 515 1147 568 nitend0,fiue
1165 517 1360 568 calcando,
1379 519 1451 560 flue
1468 519 1543 559 alio
1561 519 1721 572 denique
1741 519 1886 572 modo3

568 580 673 618 vnde
723 587 804 618 tam
837 579 941 619 valor
974 580 1032 620 vis
1061 580 1249 621 ablblutae
1270 595 1304 636 g
1323 615 1334 635 ‚
1366 595 1436 636 qua
1461 612 1472 632 ,
1528 582 1620 622 dum
1671 583 1709 623 in
1761 583 1886 636 quiete

566 641 765 695 persistunt
784 673 796 693 ,
847 642 996 695 pollent
1017 673 1029 694 ,
1060 644 1268 698 plurimum
1303 647 1469 687 variatur
1485 658 1597 700 quam
1619 651 1808 688 maximus
1825 658 1884 687 ce-

567 705 728 747 leritatis
743 705 878 759 gmdus
895 737 906 756 ,
931 718 1043 759 quern
1064 740 1076 759 ,
1107 720 1196 748 cum
1233 711 1395 750 omnino
1413 722 1507 750 onus
1523 711 1706 750 auferatur
1728 742 1738 762 ,
1756 711 1881 750 omni-

565 770 633 810 bus
684 769 825 809 viribus
874 769 1051 811 adhibitis
1081 770 1232 823 adipisci
1265 773 1406 812 valent.
1474 771 1599 812 Multa
1636 773 1772 813 deinde
1813 771 1885 813 alia

562 832 698 874 dantur
729 832 866 873 virium
891 843 1031 885 genera
1051 864 1063 884 ,
1096 832 1214 873 veluti
1250 835 1383 884 venti,
1416 845 1535 885 aquae
1566 833 1745 886 fluentis,
1785 836 1885 888 ignis

558 906 632 938 etc.
667 907 760 950 qnae
793 905 922 935 autem
958 893 1035 935 sine
1068 904 1238 936 accurata
1274 895 1440 949 plurium
1462 894 1729 937 Machinarum
1751 897 1882 954 cogni-

560 961 668 1000 tione
694 956 843 999 definiri
863 969 1055 1012 nequeunt
1077 972 1088 1011 3
1122 971 1234 1013 quam
1271 959 1323 1000 ob
1357 971 1439 1000 rem
1458 959 1581 1000 donec
1608 971 1773 1014 eousque
1793 974 1881 1016 pro-

558 1024 662 1077 gredi
695 1021 806 1063 liceat
827 1052 840 1071 ‚
891 1021 988 1062 haec
1032 1023 1110 1063 duo
1141 1031 1287 1063 tantum
1323 1023 1465 1063 virium
1501 1034 1638 1076 genem
1671 1023 1718 1064 ab
1737 1025 1877 1067 anima-
1909 1027 1914 1035 ‘

559 1086 652 1128 libus
682 1095 722 1126 et
754 1085 934 1138 grauitate
975 1085 1147 1139 profesta
1179 1087 1219 1126 in
1254 1087 1439 1128 calculum
1471 1087 1663 1128 inducam.

709 1180 745 1230 ς.
790 1194 858 1231 19.
892 1180 1041 1222 Praeter
1074 1189 1230 1222 motum
1261 1191 1390 1222 autem
1434 1179 1545 1235 ipsius
1593 1180 1717 1221 oneris
1739 1211 1751 1232 ‚
1803 1192 1884 1236 quo

558 1244 715 1285 cuiusuis
755 1243 963 1286 Machinae
1003 1257 1082 1298 ope
1137 1255 1390 1298 promouetur
1410 1277 1420 1296 ‚
1474 1245 1682 1299 plurimum
1734 1245 1883 1287 interest

559 1308 658 1348 nofle
691 1308 790 1349 vires
807 1340 819 1360 ,
851 1321 940 1363 quas
971 1309 1125 1350 durante
1158 1319 1270 1350 motu
1302 1308 1464 1363 singulae
1499 1307 1705 1350 Machinae
1756 1319 1885 1362 partes

555 1372 729 1412 sustinent
750 1403 761 1421 ,
791 1382 901 1427 atque
933 1374 972 1413 in
991 1374 1025 1413 se
1044 1374 1209 1413 inuicem
1242 1382 1416 1414 exerunt.
1479 1371 1533 1412 21n
1567 1370 1757 1425 propofita
1808 1371 1878 1425 igi-

558 1444 618 1473 tur
654 1435 835 1475 Machina
854 1467 866 1486 ,
901 1437 1081 1488 quoniam
1117 1435 1256 1475 tractio
1287 1447 1366 1488 ope
1399 1434 1494 1476 funis
1527 1434 1607 1474 fieri
1641 1435 1729 1474 solet
1750 1467 1760 1486 ,
1805 1447 1880 1489 po·

555 1509 692 1537 namus
727 1498 861 1550 primo
893 1497 1020 1538 fimcm
1058 1499 1087 1538 F
1093 1499 1132 1554 f
1153 1497 1225 1538 elle
1267 1496 1524 1539 breuissimum
1547 1529 1558 1549 ‚
1593 1507 1636 1537 vt
1667 1499 1744 1538 eius
1778 1510 1877 1553 pon-

553 1561 621 1601 dus
654 1560 787 1601 nullius
820 1561 863 1601 sit
898 1563 1116 1613 momenti,
1153 1560 1492 1615 inuestigernusque
1524 1562 1604 1602 vim
1625 1594 1636 1613 ‚
1696 1574 1766 1615 qua
1809 1562 1877 1603 iste

552 1624 645 1664 funis
678 1624 708 1664 F
717 1619 754 1677 s
784 1627 914 1676 quouis
948 1635 1079 1665 motus
1113 1636 1322 1665 momento
1350 1626 1578 1666 extenditur.
1655 1624 1781 1666 Positis
1811 1638 1874 1666 er-

552 1699 602 1740 go
621 1686 733 1726 mallii
762 1688 891 1727 oneris
911 1720 922 1739 ,
943 1697 986 1727 vt
1020 1687 1125 1740 supra
1161 1701 1218 1726 z
1238 1688 1307 1742 Q,
1340 1687 1513 1726 frictione
1549 1699 1605 1725 z
1626 1687 1656 1726 F
1676 1718 1687 1737 ‚
1722 1687 1761 1726 vi
1785 1701 1872 1741 pro-

553 1750 726 1791 trahente
758 1758 856 1805 ΞΡ
877 1783 887 1801 ,
918 1752 996 1791 eius
1031 1751 1162 1791 inertia
1196 1763 1250 1791 z:
1270 1750 1327 1804 P3
1361 1761 1472 1804 atque
1504 1749 1725 1800 celeritate,
1757 1763 1872 1804 quam

549 1813 728 1855 confecto
764 1813 884 1868 spatio
920 1828 973 1854 z
994 1827 1020 1854 z
1051 1815 1126 1855 iam
1164 1813 1385 1868 acquismit,
1420 1813 1544 1854 debita
1579 1813 1768 1854 altitudini
1790 1827 1874 1856 :v

554 1879 597 1918 sit
646 1878 719 1918 hoc
770 1889 973 1919 momento
1024 1879 1144 1919 tensio
1176 1878 1268 1919 fiunis
1302 1878 1505 1933 Fszt:
1552 1889 1645 1930 quac
1698 1889 1788 1918 cnm
1830 1879 1869 1919 vi

552 1941 757 1982 sollicitanti
787 1951 816 1996 p
849 1942 891 1983 sit
925 1943 1108 1984 contraria
1127 1975 1138 1995 ,
1172 1943 1197 1983 si
1230 1942 1303 1983 sola
1335 1942 1467 1982 inertia
1499 1940 1606 1981 huius
1640 1942 1696 1981 vis
1729 1939 1875 1995 specte-

552 2015 696 2056 tur,ca
731 2007 890 2058 perinde
925 2008 1172 2060 monebitur,
1205 2019 1248 2047 ac
1283 2006 1307 2047 si
1341 2005 1626 2059 protraheretur
1658 2005 1699 2045 vi
1740 2018 1794 2045 z
1810 2014 1841 2060 p
1861 2042 1873 2061 ,

552 2091 654 2121 tetro
683 2091 812 2122 autem
848 2094 1046 2137 vrgerctur
1077 2083 1119 2126 vi
1152 2089 1273 2135 εἰ,
1315 2082 1417 2124 vnde
1459 2081 1524 2124 fiet
1564 2064 1869 2123 dvz‘sssd-z.

1755 2141 1868 2184 ouis
