2052 2668
535 199 938 252 NVMERORVM.
1356 219 1376 245 1
1386 216 1444 256 27

142 327 343 363 numerum
390 318 637 372 partitionum
688 326 776 358 tam*
810 316 892 358 fieri
924 330 1105 372 magnum
1126 349 1136 368 ,
1169 323 1213 357 vt
1243 328 1315 372 per
1346 329 1438 359 enu-

140 383 395 427 merationem
429 382 514 423 aetu
546 381 821 422 instituendam·
844 380 1066 422 difficillime
1105 381 1265 421 obtineri
1315 389 1438 434 queat.

139 446 278 499 Neque
307 441 424 486 etiam
455 440 494 485 in¹
526 445 602 486 hoc
641 444 798 497 negotio
836 444 1043 486 inductioni
1082 444 1242 486 multum
1292 444 1345 484 est
1395 445 1438 484 fi-

136 508 301 549 dendum
324 541 334 561 ,
367 521 490 564 quae,
521 508 575 549 vti
608 508 815 561 periculum
848 506 997 547 facienti
1032 506 1138 548 facile
1170 506 1311 561 patebit
1330 537 1341 557 ‚
1360 506 1442 561 ple·

139 584 297 624 rumque
326 572 443 623 Fallit,
468 571 500 611 ‘fi
531 571 578 612 ab
609 571 900 611 enumeratione
916 583 989 623 pro
1030 571 1166 610 casibus
1207 569 1442 623 fimpliciori-

135 634 204 674 bus
234 633 329 675 faeta
361 635 561 688 adimagis
606 634 840 687 composltOS
877 632 1128 672 conclusiones
1168 632 1331 672 formare
1370 646 1444 673 vo-

134 697 257 738 luerit.
320 695 380 739 Sic
408 709 457 737 ex
487 697 673 737 methodo
703 696 788 750 post
818 695 1040 747 explicanda
1074 694 1215 748 patebit
1243 707 1446 736 numerum

140 772 196 808 50
232 763 270 801 in
296 759 448 813 ’septem
484 769 605 813 partes
637 772 715 801 non
746 756 891 798 exclusa
921 758 1085 810 partium
1126 755 1349 808 aequalitate
1388 758 1446 795 di-

132 822 275 872 spertiri
307 821 413 875 poffe
452 826 566 873 8946
608 822 764 871 modis-‚
818 819 872 858 sm
924 827 1050 859 autem
1100 826 1227 870 partes>
1273 817 1444 871 aequales

131 883 378 921 excludantur
398 912 409 933 ‚
444 883 694 922 remanebunt
723 888 872 920 tantum
907 889 994 928 522
1037 881 1272 933 partitiones.
1358 880 1447 921 Nu·

135 955 262 984 merus
291 955 410 996 porro
435 956 494 993 42
530 943 636 984 mille
668 942 816 983 diuersis
848 943 974 983 modis
1003 944 1044 982 in
1071 955 1124 981 20
1159 951 1281 995 partes
1314 943 1445 984 omni-

132 1018 186 1046 no
217 1005 345 1046 reiolui
379 1006 515 1059 potest.
582 1006 643 1046 At
675 1005 700 1045 fi
732 1013 929 1058 quaeratur
949 1036 959 1054 ‚
995 1013 1087 1058 quot
1104 1006 1220 1045 variis
1235 1006 1359 1046 modis
1377 1017 1445 1047 nu·

134 1079 259 1108 merus
315 1076 397 1115 125
442 1068 481 1106 in
528 1073 583 1104 12
618 1075 738 1120 partes
757 1096 767 1115 ‚
804 1078 897 1118 quae
930 1067 998 1106 fint
1022 1068 1128 1107 -inter
1159 1067 1195 1107 se
1226 1080 1361 1107 omnes
1386 1069 1443 1108 in-

131 1129 292 1184 aequales
322 1129 484 1172 distribui
515 1128 628 1184 poffit
646 1160 659 1183 ‚
692 1127 904 1184 reperietur
935 1127 1012 1170 hoc
1044 1128 1126 1170 fieri
1155 1127 1264 1183 poffe
1291 1132 1441 1181 64707

137 1194 278 1234 modis.
1484 1200 1487 1203 '

271 1256 307 1305 ς.
342 1269 384 1306 4.
423 1255 767 1312 Quemadmodum
815 1255 880 1296 hic
917 1268 1061 1297 omnes
1110 1256 1258 1297 numeri
1305 1255 1443 1311 integri

134 1320 297 1372 partium
330 1319 412 1359 loca
448 1329 574 1359 tenere
604 1319 748 1372 poffunt
767 1349 778 1369 ,
808 1319 859 1358 ita
891 1318 966 1358 hoc
998 1319 1202 1359 Problema
1233 1320 1272 1358 in
1312 1320 1442 1359 infini-

134 1389 218 1419 tum
254 1382 388 1421 variari
418 1381 567 1434 potest,
600 1389 714 1432 prout
744 1382 892 1420 numeri
926 1391 1049 1434 partes
1078 1373 1351 1422 constituentes'
1376 1395 1442 1424 re-

131 1442 368 1495 stringuntur.
432 1442 489 1483 Ita
522 1442 619 1482 aliud
652 1443 725 1481 erit
743 1441 939 1481 Problema
954 1473 966 1493 ‚
980 1443 1007 1482 fi
1026 1452 1219 1495 quaeratur
1239 1473 1249 1492 ,
1266 1453 1357 1494 quot
1374 1456 1442 1485 va-

131 1504 195 1545 riis
235 1506 357 1546 modis
394 1505 499 1548 datus
537 1516 716 1545 numerus
754 1516 779 1544 n
811 1505 851 1544 in
880 1512 909 1558 p
948 1513 1074 1558 partes
1094 1536 1105 1556 ‚
1145 1516 1302 1558 quarum
1340 1506 1442 1547 nulla

132 1568 261 1608 datum
318 1581 517 1609 numerum
559 1581 595 1609 m
633 1566 793 1608 excedat
823 1599 835 1620 ,
891 1567 1021 1607 resolui
1069 1566 1189 1620 poffit.
1275 1567 1443 1610 Patrium

131 1642 279 1684 quoque
313 1644 488 1675 numerus
515 1632 648 1671 omitti
682 1630 804 1683 potest
822 1663 833 1683 ‚
869 1630 924 1670 vti
957 1631 984 1671 fi
1014 1639 1230 1683 quaeratur,
1250 1640 1344 1684 quot
1376 1644 1444 1672 va-

133 1694 196 1734 tiis
239 1695 362 1734 modis
410 1707 582 1736 numerus
622 1699 650 1733 6
689 1705 737 1733 ex
786 1693 843 1734 his
895 1693 1062 1732 numeris
1125 1705 1143 1731 1
1170 1725 1181 1744 ,
1226 1704 1249 1730 2
1275 1725 1286 1745 ‚
1321 1705 1344 1741 3
1369 1726 1380 1745 ‚
1415 1708 1442 1744 4

139 1766 209 1809 per
239 1755 469 1797 additionem
504 1757 660 1810 produci
690 1755 799 1808 poflit
819 1788 830 1810 ,
868 1757 967 1809 quod
997 1755 1224 1810 sequentibus
1253 1770 1282 1805 9
1316 1757 1441 1798 modis

134 1816 219 1860 fieri
249 1819 420 1870 poterit:

203 1882 811 1929 631÷1÷1÷1÷1÷1
871 1885 1281 1930 6:1-4-1-4—1-3-3

200 1945 714 1992 6:1-1-1-1-1-4-14-2.
832 1879 1191 2040 x6z1÷1÷4

199 2010 609 2057 6zr÷1÷2÷2
877 2007 1199 2054 6:1424-3'

197 2073 508 2119 612÷2÷2
841 2044 853 2161 ἱ
879 2074 1099 2120 6:2--4—-4

836 2162 847 2188 2
882 2138 1090 2185 6--3-l-:3

1373 2201 1447 2242 Vel
