2052 2668
580 172 648 216 IN
679 171 924 217 GENERE.
1351 188 1440 230 277

145 285 253 332 Onus
284 295 443 339 autem,
479 284 517 323 in
551 284 653 338 quod
686 285 910 325 immediate
940 283 1012 325 sola
1044 283 1101 324 vis
1130 288 1149 325 t
1182 281 1290 337 agit,
1339 287 1445 328 dabit

147 361 242 400 hinc
275 357 536 413 aeqmtionem
568 341 955 412 dv:(¹*{³d—z·
989 355 1093 410 supra
1123 365 1251 395 autem
1302 357 1447 398 inueni·

148 442 229 471 mus
260 411 632 479 dvzfff—-F-'d—z·

477 456 566 483 -i-Q.

262 493 296 541 §.
336 503 406 531 20.
438 491 503 531 Ex
538 489 595 528 his
625 502 715 542 ergo
746 490 1024 542 aequationibus
1053 488 1201 530 elicitur
1232 489 1350 531 tensio
1389 490 1449 532 fu·

149 566 204 605 nis
236 571 320 603 t:
340 562 370 603 F
387 567 451 606 —†-
472 547 661 617 Qss‘ig—Q-Fss
679 574 733 601 Ξ
752 549 926 618 Ῥὲζζὲἷ
949 575 955 600 :
988 559 1057 598 nisi
1087 572 1179 614 ergo
1219 561 1313 602 funis
1345 562 1443 603 hanc

147 626 348 667 tensionem
382 623 548 663 sustinere
580 624 691 677 possit
710 658 721 677 ‚
755 637 842 676 quin
874 630 1098 674 rumpatur,
1134 631 1259 663 motus
1285 626 1447 677 produci

147 702 224 730 nou
255 688 409 740 poterit.
477 687 652 741 Apparet
685 698 808 726 autem
835 717 845 736 ,
886 685 911 724 fi
945 686 999 723 vis
1027 692 1054 738 p
1088 684 1130 724 fit
1161 686 1359 727 vniformis
1390 688 1447 728 stu

142 767 163 793 a
199 751 365 803 pondere
396 750 513 803 petita
533 782 543 801 ,
576 749 704 789 funem
739 756 929 801 perpetuo
944 747 1104 786 eandem
1124 748 1331 790 tensionem
1351 751 1448 791 susti-

143 825 243 855 nere.
308 811 375 852 Sin
403 822 535 855 ,autem
569 814 625 852 vis
653 818 681 866 p
718 812 759 852 fit
791 809 990 861 animalis,
1021 821 1114 863 quae
1146 810 1328 850 crescente
1360 823 1449 852 mo·

142 887 183 918 tu
218 876 494 916 imminuatur:
529 886 604 926 quo
635 872 715 913 casu
749 882 879 912 motus
927 883 1024 912 mox
1064 873 1110 913 ad
1142 872 1444 916 vniformitatern

143 940 367 986 reducetur
400 935 539 988 fietque
567 944 594 989 p
615 949 667 975 z
690 935 731 976 F.
798 935 882 974 Hoc
913 946 1006 986 ergo
1056 934 1137 974 casu
1185 935 1303 977 tensto
1353 937 1449 978 funis

141 1015 226 1048 3-
175 1039 228 1047 „-
251 993 492 1064 Fssssg—h-
440 1036 493 1044 ,-
513 1004 543 1045 F
576 1003 641 1056 ipsi
675 1004 861 1044 friCtioni‘
875 1005 1032 1056 aequalis
1063 1007 1160 1046 erit:
1180 1006 1292 1046 initio
1319 1018 1449 1049 autem

142 1078 297 1120 motus,
331 1080 406 1121 quo
438 1068 493 1105 vis
521 1075 549 1120 p
583 1065 799 1107 frictionem
832 1065 1000 1118 superare
1031 1067 1187 1117 debuit,
1222 1070 1338 1110 tensio
1356 1071 1450 1112 funis

143 1143 290 1185 quoque
322 1131 448 1171 maior
479 1128 584 1169 fuerit
617 1130 757 1168 neceffe
808 1129 890 1168 est:
942 1129 1039 1168 vnde
1089 1129 1245 1182 intelligi
1295 1132 1448 1187 potest,

144 1203 279 1247 quanta
312 1194 355 1232 vi
386 1193 515 1232 funem
553 1193 763 1244 praeditum
797 1191 871 1231 effe
903 1200 1108 1243 oporteat,
1141 1202 1183 1232 Vt
1216 1205 1264 1232 ne
1297 1208 1447 1249 rumpa-

149 1265 239 1308 tur;
272 1256 564 1306 maximumque
597 1254 800 1306 rtmpendi
835 1253 1046 1308 periculum
1079 1256 1116 1295 in
1149 1254 1271 1308 ipsum
1321 1268 1449 1301 motus

143 1320 291 1358 initium
325 1317 501 1358 incidere.

288 1379 322 1427 ξ.
363 1390 432 1419 21.
467 1377 610 1418 Tensio
640 1379 752 1431 igitur
785 1377 875 1419 funis
905 1387 1108 1431 antequam
1146 1389 1272 1421 motus
1287 1382 1335 1423 ad
1362 1383 1449 1425 vni·

142 1440 372 1482 formitatem
425 1441 610 1480 reducitur
631 1472 641 1490 ,
695 1441 849 1492 perinde
879 1453 923 1480 ac
957 1442 1134 1480 velocitas
1165 1446 1287 1483 oneris
1309 1447 1448 1498 pendet

142 1516 292 1558 quoque
325 1504 368 1544 ab
402 1504 533 1544 inertia
566 1503 622 1542 vis
657 1505 818 1555 vrgentis
838 1532 852 1555 1,
906 1515 1016 1555 quam
1059 1505 1276 1545 vocauimns
1317 1520 1369 1546 :z
1389 1508 1446 1550 P:

141 1579 235 1621 quae
269 1568 296 1608 fi
327 1566 414 1606 esset
448 1565 545 1604 nulla
580 1566 695 1605 tenfio
731 1566 829 1606 foret
861 1575 1048 1619 perpetuo
1081 1567 1148 1619 ipsi
1183 1568 1220 1607 vi
1252 1569 1450 1611 sollicitan-

140 1631 170 1669 ti
199 1638 224 1683 p
257 1630 427 1683 aequalis.
464 1627 530 1667 Sin
565 1637 691 1669 autem
727 1630 857 1668 inertia
891 1628 982 1668 haec
1017 1628 1074 1680 P,
1108 1642 1181 1682 qua
1213 1631 1240 1670 fi
1274 1630 1445 1674 effetin·

142 1692 244 1732 finita
267 1706 278 1743 3
297 1693 459 1743 prodiret
476 1697 491 1727 t
510 1703 562 1728 z:
581 1691 610 1729 F
630 1721 640 1739 ‚
659 1691 777 1742 sicque
809 1691 931 1730 tensio
950 1691 1021 1742 ipsi
1040 1691 1202 1731 frietioni
1235 1695 1447 1737 constanter

142 1752 233 1793 esset
251 1753 418 1804 aequalis.
454 1748 553 1789 Cum
575 1751 685 1803 igitur
703 1751 765 1791 sub
783 1753 932 1792 initium
954 1756 1012 1792 vis
1031 1753 1224 1794 tollicitans
1247 1763 1278 1808 p
1319 1759 1444 1800 maior

143 1817 212 1855 effe
241 1816 372 1856 debeat
403 1813 574 1854 frictione
609 1813 640 1853 F
661 1845 672 1864 ,
708 1815 823 1866 priori
858 1814 939 1855 casu
981 1815 1009 1854 P
1027 1827 1082 1854 :-
1102 1829 1128 1855 0
1153 1849 1162 1868 ,
1193 1818 1309 1858 tenfio
1351 1833 1444 1862 con-

144 1879 248 1918 tinuo
280 1876 487 1925 decrescet,
522 1877 643 1928 quoad
675 1887 802 1917 motus
834 1876 899 1917 fiat
931 1877 1154 1919 vniformis:
1197 1880 1274 1933 ipso
1313 1892 1442 1926 autem

142 1950 272 1981 motus
304 1940 414 1979 initio
448 1947 528 1979 erat
560 1948 669 1994 :p
735 1940 858 1995 Quare
891 1941 918 1980 fi
950 1941 1083 1981 inertia
1125 1943 1181 1982 vis
1218 1943 1445 1988 sollicitantis

143 2016 261 2057 neque
295 2002 390 2043 nulla
422 2001 529 2042 fiJerit
561 2015 678 2056 neque
711 2004 856 2043 infinita
875 2036 885 2054 ,
918 2003 1035 2044 tensio
1069 2005 1219 2056 quidem
1254 2007 1300 2047 ab
1331 2009 1443 2050 initio

141 2067 253 2107 mino
269 2067 355 2107 terit
387 2077 497 2120 quam
525 2072 577 2121 p,
610 2068 732 2107 maior
765 2076 892 2106 tamen
923 2079 1036 2122 quam
1071 2066 1196 2110 frie'tio
1226 2068 1257 2110 F
1279 2084 1290 2125 3
1331 2074 1443 2126 quip-

699 2128 745 2172 Μ
778 2141 820 2170 m
851 2140 875 2178 3
1390 2147 1442 2190 pe
