2052 2668
573 178 644 223 IN
674 177 925 223 GENERE.
1303 246 1305 248 η
1348 185 1424 221 281

257 294 291 342 §.
328 289 396 332 26.
431 289 471 332 Si
502 302 594 332 onus
624 302 650 331 a
669 290 775 332 bed
804 291 911 344 super
950 289 1066 343 plano
1113 287 1291 328 inclinato
1343 291 1380 327 A
1400 287 1502 327 Cfig·
1529 299 1556 326 4·

139 355 271 397 surfilm
305 354 565 396 trahi1debeat
584 385 595 405 ,
630 365 707 406 ope
742 355 827 405 vis,
861 354 960 393 cuius
991 351 1152 392 direfflo
1183 350 1221 391 E
1240 349 1287 391 M
1306 349 1350 390 fit
1367 351 1434 404 ipfi

139 419 256 471 plano
289 420 326 459 A
347 416 380 458 C
413 415 616 471 parallela3
650 417 707 456 seu
740 418 764 457 fi
795 417 901 457 oneri
935 414 1136 468 applicatus
1167 413 1211 453 fit
1243 415 1280 452 in
1314 412 1351 452 E
1378 413 1433 453 su—

140 483 220 531 uis,
253 483 315 535 qui
354 480 539 521 trochleae
574 480 611 519 in
662 480 700 518 T
749 479 849 519 fixae
898 477 1169 518 circumdustus
1216 489 1237 516 a
1277 476 1361 516 data
1394 479 1429 516 vi

138 542 335 584 secundum
367 542 612 582 direffionem
641 542 687 583 -N
706 543 736 583 P
767 541 1008 595 protrahatur
1025 571 1036 592 ‚
1070 541 1121 579 ita
1155 548 1196 579 vt
1228 540 1359 593 portio
1378 537 1435 579 fu—

138 606 196 648 nis
229 605 324 646 EM
359 603 428 657 ipfi
459 603 574 657 plano
611 604 651 644 A
669 603 704 645 C
760 613 912 645 maneat
960 601 1162 654 parallelus.
1247 603 1433 642 Ponamus

137 668 313 721 angulum
345 664 379 706 C
399 668 435 707 A
457 664 491 706 B
510 698 520 718 ‚
551 679 665 719 quem
699 667 848 721 planum
883 663 1101 704 inclinatum
1134 664 1173 702 A
1193 662 1228 704 C
1247 678 1333 705 cum
1354 664 1430 706 hd-

135 729 278 769 rizonte
308 729 345 771 A
364 727 399 768 B
432 728 517 770 ficit
548 742 604 769 z
624 725 666 781 Φ
687 761 697 781 ‚
745 728 891 782 pondus
923 727 1048 766 oneris
1097 727 1220 766 eiusne
1270 728 1427 769 massam

133 804 187 831 :z
206 792 274 848 Q,
307 803 416 845 atque
445 804 540 832 onus
568 793 758 846 vrgebitur
789 789 960 830 deorsum
995 787 1197 829 secundum
1246 790 1427 830 dimetio-

132 866 220 894 nem
255 854 477 894 verticalem
510 853 606 909 QV
642 867 710 906 per
740 853 814 892 eius
845 862 1020 892 centrum
1052 852 1241 904 grauitatis
1272 851 1430 907 Qtran-

131 916 296 956 seuntem
329 916 370 955 vi
402 929 454 955 z
474 914 546 970 Q,
582 927 676 968 quae
713 913 912 955 respluatur
951 913 1152 954 secundum
1202 915 1431 956 direffiones

132 978 224 1033 QR
260 988 300 1018 et
332 976 415 1032 QS
434 1010 446 1029 ,
478 989 633 1029 quarum
669 976 729 1017 illa
760 976 803 1016 fit
833 976 879 1017 ad
912 976 1066 1029 planum
1101 976 1321 1018 inclinatum
1340 989 1431 1017 nor»

128 1039 236 1079 malis
254 1070 265 1088 ,
297 1039 389 1078 haec
419 1050 512 1079 vero
545 1039 672 1078 eidem
702 1038 890 1091 parallela.
958 1037 1085 1078 Pofito
1116 1052 1210 1091 ergo
1241 1040 1428 1081 finu’toto

127 1113 224 1141 :1
253 1102 352 1151 ,erit
383 1100 629 1154 obangulum
662 1096 1215 1156 VQRzssACr-(D,
1246 1101 1301 1141 vis
1331 1102 1425 1157 QR

129 1175 184 1203 z
202 1163 252 1218 Q
273 1164 346 1202 cos.
366 1158 409 1214 Φ
430 1197 439 1215 ,
473 1172 513 1203 et
530 1165 584 1204 vis
600 1162 685 1220 QS
703 1177 757 1202 z
775 1162 896 1218 Qfin.
921 1158 963 1214 Φ
985 1177 993 1202 :
1027 1175 1121 1215 quae
1153 1163 1336 1216 posterior
1366 1175 1427 1204 to-

129 1231 166 1264 ta
200 1226 324 1265 motui
371 1225 584 1267 reluRatur.
666 1226 771 1266 Prior
808 1237 902 1264 vero
933 1226 991 1264 vis
1023 1225 1160 1281 Qcos.
1181 1221 1223 1277 Φ
1241 1227 1424 1280 apprimit

127 1299 222 1341 onus
262 1288 308 1328 ad
340 1287 494 1341 planum
512 1288 728 1329 inclinatum
749 1320 760 1339 ,
779 1288 878 1328 vnde
894 1286 1048 1343 nascitur
1084 1288 1210 1328 sric'tio
1242 1288 1272 1328 F
1293 1320 1304 1340 ‚
1329 1290 1424 1329 dum

126 1361 219 1388 onus
235 1360 430 1402 mouetur3
451 1363 544 1403 quae
562 1350 589 1391 fi
607 1352 731 1392 trienti
751 1351 805 1391 vis
823 1350 1066 1404 apprimentis
1084 1351 1128 1393 s1t
1146 1350 1304 1404 aequalis
1321 1383 1332 1403 ,
1349 1353 1422 1393 erit

126 1411 157 1452 F
176 1424 232 1450 z
249 1418 265 1462 ξ
283 1412 409 1466 Qcos
430 1407 484 1463 Φ.
520 1409 740 1453 Generatim
771 1422 894 1453 autem
929 1425 1114 1465 ponamus
1143 1412 1358 1455 frictionem
1389 1415 1420 1455 F

125 1487 179 1513 z
197 1480 214 1527 ᾗ
231 1473 357 1531 Qcos.
379 1468 421 1525 Φ
440 1506 450 1526 ,
483 1475 534 1515 ita
565 1483 608 1514 vt
636 1475 728 1516 dum
783 1487 876 1514 onus
904 1484 1156 1527 promouetur
1173 1507 1184 1527 ,
1234 1482 1312 1515 tota
1360 1477 1420 1516 vis

125 1538 249 1578 motui
274 1537 437 1577 renitens
459 1537 506 1578 fit
534 1549 590 1576 z:
607 1537 658 1593 Q
681 1537 746 1578 fin.
783 1532 908 1588 ΦΑ·
928 1542 942 1590 ξ
961 1536 1089 1592 Qcos.
1111 1533 1167 1590 Φ.

271 1599 307 1649 §.
346 1609 417 1649 27.
457 1597 498 1641 Si
530 1600 641 1653 igitur
672 1600 829 1654 planum
860 1600 900 1641 A
919 1599 954 1641 C
986 1599 1346 1656 effethorizonta1e‚
1364 1602 1422 1644 sttu

126 1655 169 1711 Φ
189 1674 239 1701 L:
259 1673 286 1700 0
305 1694 316 1714 ,
367 1672 447 1702 tota
495 1663 552 1701 vis
597 1663 722 1703 oneris
754 1664 876 1704 motui
913 1665 1078 1704 renitens
1109 1663 1204 1706 (bret
1251 1667 1420 1722 :‡Q‚

124 1722 186 1762 seu
215 1722 289 1763 sola
319 1723 488 1762 frietione
518 1723 729 1763 constaret:
763 1724 816 1764 sm
846 1735 968 1766 autem
1001 1725 1155 1778 planum
1196 1730 1235 1769 A
1254 1727 1289 1769 C
1331 1742 1421 1769 ver—

126 1784 281 1825 ticaliter
318 1784 502 1838 erigatur,
533 1793 575 1824 vt
606 1784 756 1838 angulus
787 1781 830 1837 Φ
863 1787 928 1828 fiat
959 1788 1078 1828 rectus
1095 1819 1104 1831 ,
1139 1789 1264 1832 stistio
1283 1804 1420 1832 euane-

125 1847 220 1898 stet,
252 1857 292 1887 et
323 1859 417 1887 onus
448 1845 527 1887 solo
558 1847 621 1887 suo
639 1848 806 1902 pondere
840 1850 965 1890 motui
983 1851 1172 1892 renitetur.
1203 1852 1251 1894 In
1273 1854 1421 1908 reliquis

126 1919 254 1950 autem
290 1909 389 1963 plani
420 1910 459 1950 A
478 1907 512 1949 C
542 1910 839 1951 inclinationibus
869 1922 949 1953 tam
981 1913 1033 1953 ob
1066 1916 1210 1967 pondus
1232 1930 1345 1972 quam
1366 1916 1418 1957 ob

123 1971 338 2013 friecionem
374 1985 466 2013 onus
494 1973 619 2013 motui
664 1972 904 2016 relud’cabitur
920 2006 931 2027 ,
979 1983 1019 2014 et
1069 1976 1215 2018 dabitur
1262 1980 1418 2033 quidem

125 2035 309 2076 eiusmodi
341 2034 440 2088 plani
472 2035 661 2076 inclinatio
678 2068 690 2087 ,
722 2049 776 2078 ex
804 2050 876 2091 qua
908 2037 1028 2078 oritur
1057 2041 1229 2082 maxima
1259 2043 1417 2083 relucta-

125 2098 178 2137 tio
195 2130 206 2148 ,
225 2099 276 2138 ita
295 2108 338 2138 vt
354 2110 447 2139 onus
461 2097 565 2151 super
582 2110 630 2139 eo
660 2098 845 2142 difficilius
875 2101 1041 2142 eleuetur
1057 2133 1069 2153 ,
1086 2114 1196 2157 quam
1214 2104 1242 2147 fi
1260 2105 1416 2146 vertica-

185 2161 303 2202 Tom.
322 2159 394 2202 111.
414 2160 523 2203 Nov.
544 2159 770 2204 Comment.
978 2162 1021 2205 N
1052 2175 1078 2204 n
1332 2168 1417 2211 liter
