2052 2668
442 197 451 204 ·
484 184 495 192 ’
531 185 596 229 ΙΝ
626 184 880 228 GENERE.
1339 197 1424 240 283

252 302 286 351 §-
326 311 395 349 29.
430 294 715 337 Consideremus
746 296 951 338 descensum
984 296 1105 337 oneris
1121 295 1226 350 super
1243 296 1360 350 plano
1379 299 1417 337 in
1440 310 1496 346 fig.
1518 320 1546 348 ς,

137 364 278 405 dinato
310 373 389 403 tam
421 360 665 414 spontaneum
688 391 698 410 ,
742 373 854 413 quam
884 373 905 399 a
938 360 976 400 vi
1008 360 1204 400 secundum
1258 360 1433 400 directio-

135 439 227 467 nem
259 426 343 481 QP
375 423 582 477 ipsiplano
613 418 649 461 C
667 422 706 462 A
737 422 946 475 parallelam
987 432 1140 476 Vrgente
1186 423 1434 476 produCtum.

137 489 312 529 Transeat
342 496 466 531 autem
499 484 604 525 huius
633 486 693 525 vis
723 486 882 525 directio
911 485 999 540 QP
1033 497 1103 539 pet
1135 484 1258 538 ipsum
1311 485 1436 526 oneris

138 563 306 593 centrum
325 548 509 603 grauitatis
524 548 568 603 Q
584 580 595 600 ‚
611 558 649 588 et
668 548 755 588 bafis
786 549 912 588 oneris
941 560 967 588 a
984 549 1027 600 b,
1058 561 1130 601 qua
1160 549 1272 601 plano
1289 547 1434 589 incum-

138 616 196 655 bit
213 646 225 666 ,
257 625 335 654 tam
363 611 408 652 fit
437 609 537 663 larga
557 643 568 663 ‚
608 621 653 651 vt
685 623 780 651 onus
827 611 1021 650 voluendo
1069 611 1216 663 prolabi
1265 619 1435 663 nequeat.

135 675 195 720 Sit
224 677 331 729 igitur
361 673 514 726 angulus
544 668 717 724 ΑΞΦ
734 703 746 724 ,
775 683 890 725 quem
920 671 1080 728 ‘planum
1113 670 1149 712 C
1167 672 1207 713 A
1240 684 1331 713 cum
1366 664 1439 714 ho-

133 740 281 779 rizonte
311 735 346 777 B
365 737 402 777 A
436 736 626 776 constituit
645 767 656 786 ‚
705 745 745 774 et
776 742 932 774 vocetur
971 732 1089 775 maffa
1121 734 1246 774 oneris
1265 764 1278 785 ,
1314 735 1437 779 eiusue

136 801 280 855 pondus
309 799 453 854 ,τ’-(ζ,
488 799 647 839 cuiusuis
675 796 837 837 directio
869 796 967 852 QV
998 808 1088 837 cum
1133 796 1178 838 fit
1227 797 1438 848 verticalis,

131 863 338 903 resoluatur
368 860 568 900 secundum
603 859 823 899 directiones
854 860 938 914 QP
954 891 966 910 ,
999 859 1066 912 ipsi
1098 858 1213 913 plano
1244 855 1279 900 C
1296 858 1336 900 A
1372 872 1440 912 pa·

135 924 298 965 tallelam
316 956 327 975 ,
359 931 398 963 et
428 923 523 977 QR
555 921 601 962 ad
634 920 786 974 planum
819 922 1164 975 perpendicularem
1184 954 1195 973 ‚
1244 930 1357 976 atque
1388 921 1440 964 ob

133 987 316 1040 <angulum
341 985 378 1024 V
395 984 487 1039 QR
507 995 563 1022 z:
583 984 619 1024 A
638 996 694 1022 z
712 977 754 1033 Φ
780 1015 792 1035 ,
822 985 893 1024 erit
927 985 983 1024 vis
1014 983 1099 1040 QP
1117 997 1174 1026 :z
1191 983 1315 1040 Qsm.
1335 977 1379 1036 Φ
1398 993 1437 1025 et

137 1047 194 1087 vis
223 1047 314 1101 QR
333 1058 389 1086 ...τ
407 1044 539 1100 Qcos.
560 1040 617 1096 Φ.
649 1044 719 1084 Illa
750 1057 842 1098 ergo
859 1046 916 1086 vis
933 1046 1018 1101 QP
1035 1059 1090 1086 Ξ
1108 1047 1231 1102 Qfin.
1253 1041 1296 1098 Φ
1314 1047 1440 1088 motui

130 1120 215 1149 >non
245 1107 362 1149 solum
395 1120 475 1149 non
508 1107 708 1148 reluctatur
726 1139 738 1159 ‚
769 1107 829 1148 sed
859 1108 979 1149 etiam
1012 1107 1130 1162 ipsam
1165 1109 1248 1148 vim
1293 1118 1441 1161 protra-

128 1170 290 1211 hentem
311 1202 322 1223 ,
353 1171 382 1212 fi
412 1182 508 1225 quae
539 1170 640 1211 adest
656 1201 668 1222 ‚
701 1170 891 1211 adiuuabit
910 1203 920 1222 ‚
951 1172 998 1212 ad
1038 1180 1188 1213 motum
1230 1171 1442 1217 acceleran-

136 1233 242 1275 dum.
306 1233 440 1273 Altera
469 1244 560 1274 vero
591 1233 648 1272 vis
677 1233 769 1288 QR
789 1245 843 1273 :-
862 1233 991 1289 Qcos.
1012 1228 1055 1284 Φ
1086 1234 1190 1274 oneri
1208 1234 1254 1274 ad
1282 1233 1438 1286 planum

137 1296 384 1349 apprimendo
416 1295 648 1349 impenditur
668 1328 680 1347 ,
712 1295 759 1335 ab
791 1306 909 1350 eaque
943 1295 1067 1336 ffiecio
1097 1295 1285 1349 originem
1325 1295 1438 1337 habe-

129 1357 205 1401 (bit.
270 1356 420 1397 Scilicet
450 1358 479 1398 fi
511 1357 634 1398 frietio
665 1367 840 1410 aequetur
879 1359 1003 1399 trienti
1053 1360 1111 1399 vis
1159 1358 1437 1412 appssimentis,

124 1419 208 1458 ierit
237 1417 298 1458 hic
333 1418 458 1459 stie'tio
489 1432 543 1460 ::.
561 1426 577 1470 ξ
595 1420 725 1474 Qcos.
747 1416 802 1471 Φ.
886 1422 979 1475 Quo
1027 1430 1152 1461 autem
1203 1421 1440 1475 inuestigatio

128 1480 244 1522 iatius
292 1490 415 1533 pateat
434 1513 446 1532 ,
483 1494 666 1535 ponamus
685 1513 697 1532 ,
730 1482 944 1522 frictionem
996 1482 1069 1523 effe
1106 1495 1162 1522 z
1182 1482 1347 1538 ³„Qcos.
1366 1479 1408 1535 Φ
1430 1502 1438 1522 =

136 1556 229 1597 quae
261 1542 333 1583 hoc
365 1544 445 1585 casu
477 1543 553 1584 sola
587 1544 705 1585 motui
737 1546 929 1586 renitetur.

250 1606 285 1655 §.
322 1617 392 1654 30.
428 1605 487 1647 Sit
516 1608 593 1648 iam
621 1615 649 1661 p
681 1607 740 1647 vis
770 1608 962 1648 sollicitans
981 1640 993 1660 ,
1042 1620 1115 1662 qua
1147 1620 1239 1649 onus
1287 1617 1437 1662 praeter

126 1668 215 1708 ⁴vim
248 1671 439 1720 propriam
472 1670 559 1723 QP
576 1683 632 1709 Ξ
649 1670 770 1724 Qfin.
791 1665 834 1722 Φ
866 1671 1062 1713 secundum
1083 1671 1333 1712 direetionem
1352 1674 1439 1728 QP

124 1730 397 1781 -protrahaturz
430 1729 594 1783 haecque
626 1732 685 1770 vis
714 1733 908 1772 coniuneta
941 1733 984 1772 sit
1017 1746 1106 1773 cum
1157 1734 1290 1774 inertia
1322 1748 1377 1775 z
1396 1735 1437 1776 P.

138 1791 242 1831 Tota
274 1803 364 1843 ergo
395 1793 450 1831 vis
481 1804 574 1832 onus
608 1805 841 1845 promonens
854 1797 926 1834 erit
946 1808 999 1833 z:
1013 1805 1042 1850 p
1061 1804 1122 1840 -ὶ-
1143 1796 1263 1851 Qfin.
1289 1792 1331 1849 Φ
1353 1813 1360 1837 :
1397 1807 1436 1838 et

139 1854 222 1907 quia
262 1852 332 1893 sola
365 1853 486 1894 stiffio
519 1855 639 1895 motui
672 1855 873 1897 reluctatur
893 1890 903 1908 ,
952 1870 1044 1898 onus
1094 1860 1356 1900 accelerabitur
1388 1862 1435 1901 ab

137 1914 281 1956 excess‘u
300 1915 396 1956 istius
410 1918 466 1957 vis
483 1917 585 1970 supra
603 1916 815 1960 frictionem
830 1928 857 1974 p
876 1928 937 1966 -÷-
950 1921 1070 1976 Qfin.
1094 1916 1136 1972 Φ
1157 1943 1196 1949 —
1214 1923 1367 1978 chos.
1379 1919 1435 1974 Φ.

138 1978 229 2032 Quo
260 1979 368 2031 igitur
385 1989 509 2020 motus
527 1981 662 2020 oriatur
680 2013 690 2033 ,
724 1985 862 2023 necesse
894 1984 945 2024 est
965 2015 974 2028 ,
1009 1995 1051 2024 vt
1069 1984 1111 2024 s1t
1126 1993 1155 2039 p
1173 1993 1236 2032 -1-
1249 1986 1295 2039 Q
1308 1987 1370 2026 fin.
1393 1982 1436 2038 Φ

141 2044 185 2093 >
207 2041 366 2096 ssQcoi.
388 2038 430 2094 Φ
450 2075 461 2096 ‚
491 2045 664 2097 quamdiu
698 2047 800 2085 enim
841 2046 948 2087 fuerit
973 2055 1002 2102 p
1022 2055 1085 2092 -1-
1105 2049 1153 2104 Q
1170 2048 1233 2088 sm.
1260 2044 1302 2100 Φ
1317 2051 1443 2106 <³„Q

136 2103 211 2145 cos.
232 2099 273 2155 Φ
292 2136 304 2157 ,
336 2116 430 2146 onus
459 2106 500 2147 in
531 2106 653 2161 quiete
682 2108 935 2162 perieuerabit.
1004 2110 1144 2166 Quodfi
1177 2123 1267 2165 ergo
1300 2125 1391 2152 onus
1409 2126 1431 2153 a

689 2170 744 2213 N·
766 2184 792 2211 n
827 2185 850 2210 2
1332 2176 1430 2216 nulla
