2052 2668
737 183 768 243 )(
801 196 853 238 35
892 184 923 243 )(

177 300 299 358 itaque
336 300 500 343 Austori
517 297 663 341 occasio
693 298 745 339 est
761 297 846 339 data
865 331 876 350 ,
896 296 1158 341 meditationes
1177 298 1252 341 filas
1284 299 1333 340 de
1366 298 1480 354 perfi-

181 367 315 408 ciendo
346 366 554 418 horologio
587 364 733 405 marino
753 362 1014 404 conscribendi.
1039 365 1170 420 Quum
1191 374 1314 405 autem
1334 363 1482 416 clepsy-

181 431 270 471 drae
301 429 537 471 mercuriales
555 460 566 480 ‚
584 428 699 468 nautis
717 427 799 467 alias
815 427 1108 468 commendatae
1129 461 1140 480 ‚
1166 429 1293 469 multis
1309 427 1481 467 laborant

105 521 131 533 ,,
181 493 558 547 ἰῐηρεῐῐεᾶἰοηίὺυ5;
594 490 681 531 hinc
713 490 832 531 studio
871 503 933 531 eas
964 492 1127 531 recenset
1148 525 1159 544 ‚
1192 503 1230 531 et
1266 490 1480 536 firmisne-

182 558 358 598 monstrat
386 555 614 609 argumentis
632 587 642 607 ‚
674 553 922 606 horologium
953 557 1142 594 marinum
1174 555 1361 595 eiusmodi
1403 554 1481 593 im-

180 619 465 674 perfectionibus
493 619 660 659 laborare
696 629 774 657 non
808 617 946 657 debere
964 649 976 668 ,
1009 617 1035 657 fi
1069 616 1158 657 illud
1188 617 1227 656 in
1262 617 1326 656 suo
1360 628 1480 671 gene-

179 696 220 724 re
239 715 250 734 ,
280 692 458 737 tanquam
494 681 704 736 perfeetum
722 711 733 730 ,
774 680 937 721 iudicare
977 680 1152 721 velimus.
1211 679 1388 720 Tandem
1422 693 1480 721 re-

179 746 305 800 quisita
335 747 415 787 talis
448 746 642 798 horologii
672 744 810 785 marini
839 744 989 785 adducit
1007 775 1019 794 ,
1070 754 1110 784 et
1158 743 1350 785 concludit
1369 776 1380 794 ,
1413 743 1481 784 ad-

177 808 297 850 hibito
329 809 559 866 praescripto
592 809 712 850 studio
735 839 746 860 ‚
789 817 828 849 et
867 809 1063 849 obseruatis
1094 808 1260 848 indicatis
1294 807 1446 847 cautelis
1466 839 1478 860 ‚

177 874 252 913 tale
284 874 526 928 horologium
561 874 675 926 scopo
707 881 901 913 nautarum
934 873 1096 912 omnino
1127 870 1325 911 satisfacere
1356 868 1478 923 poffe.

176 961 571 1000 OBSERVATIOX'ES
596 961 1050 999 METEOROLOGICAE
1083 959 1280 996 FACTAE
1317 959 1481 1009 TVBlNff

263 1011 391 1059 GAE,
432 1013 566 1050 ANNIS
610 1024 729 1056 1747,
775 1018 864 1052 1748
913 1011 976 1046 ET
1023 1023 1127 1056 1749·
1167 1008 1403 1046 AVCTORE

638 1059 685 1100 G.
711 1061 765 1095 W.
794 1060 1012 1096 KRAFFT.

175 1142 418 1258 Exhibuit
457 1151 604 1194 Austor
653 1152 722 1193 hac
774 1149 1024 1193 dissertatione
1077 1149 1353 1191 obseruationes
1401 1152 1479 1190 suas

303 1217 483 1269 Tubingae
514 1216 706 1256 institutas.
754 1210 789 1258 ξ.
831 1229 868 1255 1.
903 1215 1150 1256 Instrumenta
1173 1246 1185 1264 ,
1236 1215 1366 1266 quibus
1398 1215 1479 1253 vsus

177 1280 230 1318 est
249 1312 257 1328 ‚
291 1288 327 1317 et
346 1279 498 1332 reliquas
514 1279 815 1318 obseruationum
848 1279 1156 1327 circumstantias,
1173 1278 1322 1316 adducit
1376 1273 1411 1318 ὗ.
1437 1290 1476 1315 2.

173 1339 454 1379 Obseruationis
483 1340 683 1377 altitudinis
714 1338 995 1379 Bar-ometricae
1013 1372 1024 1389 ,
1058 1352 1261 1379 maxumae
1295 1350 1333 1380 et
1364 1341 1479 1380 mini-

174 1414 260 1442 mae
324 1400 572 1442 differentiam
623 1401 752 1440 adfert.
837 1412 870 1459 §·
928 1410 969 1447 3.
1023 1399 1311 1440 Obleruationes
1364 1403 1478 1441 tradit

173 1465 211 1503 T
215 1465 550 1514 hermometricas,
587 1475 638 1503 ex
672 1464 804 1517 quibus
832 1464 1018 1518 adparet,
1052 1476 1275 1504 maxumum
1309 1465 1477 1505 calorem

173 1528 272 1568 fuisse
309 1535 360 1576 87
399 1529 580 1582 graduum
623 1527 820 1569 secundum
872 1525 1234 1569 Fahrenheitianum
1278 1528 1314 1575 §.
1352 1544 1393 1580 4.
1433 1540 1477 1577 5.

174 1601 213 1633 et
244 1595 285 1631 6.
321 1592 413 1633 Non
447 1592 558 1631 nullas
590 1603 736 1632 :inroras
766 1592 963 1643 boreales,
997 1600 1059 1631 aut
1098 1594 1322 1631 earumdem
1363 1592 1478 1632 vesti-

175 1657 234 1708 gia
282 1656 328 1696 ab
361 1668 408 1695 eo
437 1655 670 1706 obstruam,
722 1664 759 1695 et
791 1657 933 1708 partim
966 1667 986 1694 a
1019 1654 1088 1695 M.
1125 1652 1295 1710 Bischqff
1313 1656 1351 1694 in
1385 1657 1476 1696 vici·

175 1731 229 1757 no
280 1720 416 1759 ibidem
468 1731 568 1772 pago
588 1751 599 1770 ,
648 1719 883 1760 Steinebrunn
934 1717 1066 1769 dieto,
1118 1720 1255 1772 partim
1309 1731 1330 1758 a
1362 1717 1475 1759 Clar.

174 1777 216 1819 V
219 1781 310 1822 olzio
341 1782 591 1835 Stuttgardiae
622 1792 768 1822 notatas
797 1792 833 1822 et
863 1782 1159 1823 communicatas
1178 1814 1188 1832 ‚
1221 1781 1341 1821 refert.
1375 1783 1394 1828 §
1431 1794 1473 1831 7.

174 1842 324 1884 Lumen
390 1845 577 1885 zodiacale
632 1844 881 1885 Caffinianum
948 1846 1050 1884 annis
1099 1850 1232 1892 1748.
1265 1854 1302 1883 et
1340 1855 1472 1895 1749.

175 1907 345 1947 distinere
377 1917 542 1947 annotat.
607 1909 639 1956 §-
680 1915 719 1949 8.
752 1906 1041 1947 Decliuatit'mes
1081 1919 1163 1947 acus
1204 1907 1472 1961 Magneticae,

175 1972 237 2010 sex
271 1970 422 2022 pollices
452 1971 617 2023 longae,
649 1980 686 2010 et
721 1971 754 2018 §-
787 1985 828 2021 9.
866 1971 1042 2024 quasdam
1076 1970 1114 2009 in
1166 1970 1307 2023 Eclipsi
1359 1971 1474 2011 lunae

176 2033 450 2073 obseruationes
498 2045 597 2073 anno
652 2043 785 2084 1747.
827 2036 884 2075 die
926 2046 998 2084 25.
1021 2034 1128 2075 Febr.
1151 2044 1268 2088 temp.
1290 2044 1410 2074 matut
1430 2066 1440 2076 .
1458 2069 1471 2088 ‚

174 2098 283 2136 omni
329 2109 414 2136 cura
464 2098 576 2137 addit.
658 2092 692 2139 ξ.
736 2110 802 2138 10.
837 2097 954 2138 Instar
985 2098 1225 2151 adpendicis‚
1277 2099 1470 2148 tonitrua,

173 2161 371 2214 grandines
391 2193 402 2213 ,
433 2161 571 2215 primas
602 2160 813 2203 hirundines
844 2171 884 2201 et
916 2160 1069 2204 halones
1106 2162 1267 2202 adducit.

765 2237 788 2265 e
823 2238 847 2263 2
1216 2222 1464 2267 PHYSICA.
