2052 2668
537 194 957 241 CONTINVATIO.
1347 212 1446 253 439*

143 306 183 347 V
201 307 273 361 Α;
305 307 407 349 vnde
425 340 437 360 ‚
470 320 557 349 cum
587 321 693 349 arcus
721 307 747 349 S
765 310 802 349 V
832 310 875 350 vi
906 308 1129 351 conditionis
1147 307 1374 360 Halleianae
1389 313 1434 355 sit

141 372 308 411 constans
323 403 335 423 ‚
365 369 508 424 semper
539 372 672 412 scilicet
706 385 760 410 z
779 386 851 423 40.
873 375 975 425 grad.
995 405 1007 424 ,
1035 373 1105 413 erit
1122 375 1218 413 ratio
1243 375 1306 414 sin.
1327 384 1397 413 rot.
1418 389 1427 415 :

139 432 206 473 fiu.
239 433 266 473 S
287 434 322 473 V
343 447 354 486 3
388 434 545 488 ideoque
578 446 616 473 et
648 436 743 475 ratio
762 437 822 477 sin.
843 436 880 475 V
901 435 928 477 S
947 438 983 476 A
1005 451 1013 476 ε
1034 436 1096 476 sm.
1118 436 1154 475 V
1172 437 1211 476 A
1234 432 1398 476 constans
1417 450 1436 491 'r

139 507 251 548 quam
284 498 336 536 ob
364 508 447 535 rem
477 510 578 536 arcus
626 497 662 537 V
683 501 720 539 A
769 499 892 539 euadit
943 499 1131 543 maximus
1151 531 1162 549 ‚
1212 500 1236 538 si
1283 500 1435 552 angulus

143 557 223 598 VS
244 560 310 608 A,
359 560 513 610 angulus
557 560 694 600 scilicet
747 563 952 614 Eclipticae
1000 573 1088 601 cum
1123 561 1349 614 horizonte,
1389 562 1435 602 fit

144 621 349 660 maximus.
417 622 557 662 Euenit
590 624 663 663 hoc
700 637 771 677 pro
802 625 1014 676 regionibus
1053 633 1171 664 terrae
1226 625 1436 670 borealibus

142 682 180 721 in
215 683 318 736 plaga
348 685 443 725 coeli
493 686 663 724 orientali
683 718 693 736 ,
728 686 751 724 fi
784 686 822 725 in
855 680 898 724 0⁰
936 696 1018 737 ἐς
1054 687 1092 724 in
1127 687 1376 737 occidentali,
1409 686 1437 728 fi

137 744 178 784 in
209 741 266 786 0⁰.
305 742 364 787 Ύ’.
398 747 449 787 sol
489 746 659 787 versetur.
697 747 736 787 Si
768 759 859 799 ergo
891 748 983 786 circa
1015 749 1326 788 coniunctionem
1354 749 1434 789 Ve-

137 809 234 847 neris
268 821 354 850 cum
394 809 468 850 sole
500 810 710 849 infieriorem
741 811 866 849 Venus
896 821 918 848 a
948 807 1036 848 Sole
1079 811 1314 850 occidentem
1352 823 1436 850 ver-

137 868 191 908 sus
223 871 328 910 distet
361 883 431 921 40.
462 872 564 923 grad.
598 880 770 923 tempore
801 871 1025 923 aequinoc'tii
1058 873 1275 913 autumnalis
1295 905 1305 924 ,
1336 873 1439 913 horis

140 934 440 973 antemeridianis
472 933 684 986 conspectus
716 934 870 973 Veneris
902 933 1097 972 facillimus
1129 935 1286 975 interdiu
1334 936 1439 974 dibi-

140 1002 228 1047 tur3
263 994 364 1034 horis
405 1005 529 1034 antem
579 997 874 1047 pomeridianis,
927 996 956 1035 fi
990 1005 1166 1048 tempore
1213 998 1438 1051 aequinostii

140 1057 250 1094 verni
280 1057 406 1096 Venus
435 1070 455 1096 a
490 1055 579 1096 Sole
612 1058 797 1097 orientem
828 1056 947 1096 versus
982 1070 1055 1107 40.
1081 1059 1185 1109 grad.
1214 1070 1359 1100 remota
1379 1061 1434 1101 sit.

140 1118 212 1158 Ast
243 1129 323 1159 tam
353 1119 464 1160 arctis
493 1120 670 1159 limitibus
712 1132 790 1159 rem
840 1119 1164 1172 comprehendere
1215 1135 1292 1161 non
1344 1134 1438 1174 opus

138 1181 220 1232 est,
252 1182 428 1234 siquidem
458 1182 497 1221 in
531 1182 607 1222 hoc
640 1184 798 1235 negotio
830 1181 987 1221 omnem
1037 1183 1202 1234 rigorem
1250 1185 1438 1224 attendere

137 1244 447 1296 superuacaneum
481 1244 579 1284 effer.
644 1244 704 1285 Sic
739 1245 1010 1297 phaenomeuo
1043 1244 1194 1285 fiitisfiet
1244 1247 1345 1286 horis
1375 1260 1437 1286 an-

141 1309 391 1347 temeridianis
410 1339 421 1358 ‚
474 1308 595 1347 modo
616 1338 626 1358 ‚
677 1309 804 1347 ceteris
838 1307 1070 1347 manentibus
1091 1340 1102 1360 ,
1135 1306 1202 1349 Sol
1234 1323 1254 1348 a
1289 1304 1345 1348 0⁰.
1384 1320 1433 1353 :Q

139 1368 228 1409 hinc
260 1370 321 1411 vel
352 1371 452 1410 illinc
483 1382 560 1410 non
591 1370 687 1410 vltra
717 1371 863 1423 signum
893 1371 1054 1409 coeleste
1103 1371 1246 1410 circiter
1292 1372 1399 1412 distet
1421 1403 1434 1423 ,

137 1430 215 1472 hoc
246 1433 297 1472 est
317 1465 328 1483 ‚
362 1432 493 1472 locum
529 1433 739 1487 Eclipticae
771 1433 868 1472 intra
901 1428 961 1472 0⁰.
999 1445 1050 1482 up
1083 1443 1120 1472 et
1152 1430 1214 1472 0⁰.
1250 1438 1304 1482 νη
1327 1435 1434 1475 situm

138 1506 328 1547 occuper,
361 1495 465 1534 horis
496 1506 623 1535 autem
664 1495 958 1549 pomeridianiS,
999 1496 1120 1535 modo
1166 1494 1234 1536 Sol
1283 1496 1437 1536 haereat

139 1558 233 1597 intra
267 1553 325 1597 0⁰.
365 1563 396 1599 ἒξ
430 1567 467 1596 et
500 1552 557 1595 0⁰.
591 1561 624 1598 ὅ
647 1572 658 1610 3
695 1560 731 1597 in
751 1558 807 1596 his
825 1558 927 1596 enim
947 1557 1082 1596 casibus
1102 1558 1255 1609 angulus
1275 1559 1436 1611 Eclipti·

139 1633 204 1660 cae
237 1633 326 1661 cum
359 1620 557 1659 horizonte
591 1633 724 1673 parum
760 1620 881 1660 differt
913 1631 933 1658 a
968 1619 1031 1658 suo
1065 1623 1256 1660 maximo.
1332 1622 1436 1661 Haec

136 1684 408 1724 circumstantia
440 1695 590 1732 quoque
622 1682 757 1720 euiucit
775 1712 786 1731 ‚
819 1683 1071 1720 commodum
1091 1683 1337 1733 apparitionis
1356 1683 1436 1723 Ve-

139 1747 236 1785 neris
264 1745 420 1783 interdiu
453 1754 601 1795 tempus
634 1743 678 1782 ad
708 1752 835 1781 ortum
869 1742 931 1781 vel
964 1743 1132 1782 occasum
1159 1742 1256 1783 Solis
1272 1746 1435 1797 praecise

140 1807 412 1858 restringi-non
445 1806 579 1845 debere
599 1838 608 1856 ‚
641 1805 695 1845 {cd
729 1805 774 1844 ad
809 1816 921 1843 Vnam
957 1805 1085 1844 duasne
1118 1806 1227 1845 horas
1262 1807 1322 1845 vel
1349 1808 1434 1859 post

142 1870 238 1911 Solis
271 1879 394 1909 ortum
428 1868 487 1908 vel
518 1878 601 1907 ante
634 1868 732 1909 Solis
763 1866 930 1906 occasum
966 1870 1054 1919 poni
1074 1869 1172 1919 posse
1192 1901 1201 1918 ,
1223 1870 1341 1909 modo
1360 1869 1433 1909 So-

143 1935 189 1975 lis
219 1934 321 1973 locus
350 1933 445 1971 intra
477 1931 552 1971 iam
589 1940 819 1971 memoratos
852 1930 990 1969 limites
1024 1930 1220 1983 resp-efflue
1239 1933 1433 1971 continea-

141 2008 197 2037 tur
219 2011 229 2049 ·‚
263 1995 288 2034 si
306 1995 452 2046 quidem
475 2003 561 2034 tnnc
580 1995 618 2032 in
637 1994 864 2033 rcuohitione
891 1992 1079 2044 §pluer-ae
1096 1995 1256 2033 coelestis
1276 1995 1416 2047 Eclipti

143 2072 187 2100 ca
218 2057 380 2110 respectu
411 2057 621 2097 horizontis
657 2069 721 2109 per
739 2056 880 2105 aliquot
901 2067 1049 2107 tempus
1067 2056 1291 2106 positionem
1315 2058 1430 2107 phae-

143 2133 313 2164 nomeno
346 2121 468 2165 nostro
519 2118 705 2164 finientem
754 2119 956 2160 conseruat.
1039 2119 1197 2160 Accedit
1249 2121 1399 2160 taudem
1421 2154 1431 2171 ‚

1271 2184 1436 2237 rigorem
