2052 2668
578 157 671 200 290
861 144 942 190 DE
974 142 1151 192 MOTV
1185 141 1612 194 TAVTOCHRONO

570 272 727 304 turriam
761 276 811 304 ex
844 262 923 303 eius
955 261 1175 301 euolutione
1204 272 1334 304 natam
1372 262 1563 303 doscrilat.
1648 262 1739 320 Quo
1773 271 1888 305 motu

572 326 608 366 in
641 338 777 379 genere
810 325 994 380 expedito
1019 357 1029 376 ‚
1082 337 1167 366 eam
1192 338 1355 367 -curuam
1407 326 1613 380 iiiut-{ligari
1662 329 1888 381 oportebit,

570 390 618 430 ad
651 402 764 444 quam
800 389 1003 444 pendulum
1038 388 1257 431 insti-ustum
1286 401 1420 430 omnes
1451 390 1698 432 olcillationes
1743 403 1882 446 aequa-

568 453 664 494 libus
695 454 930 508 temporibus
960 452 1137 494 absoluat.

441 557 503 596 Fig.
531 561 557 592 ⁶,
684 547 718 599 §.
758 556 796 593 8.
833 545 873 592 Si
906 548 1017 604 igitur
1063 546 1266 606 pendulum
1318 549 1563 605 quodcunque
1595 550 1633 591 in
1668 549 1811 604 puncto
1843 549 1883 592 A

565 612 612 654 fit
643 610 854 669 suspensum
875 647 886 668 ,
916 613 959 656 fit
991 619 1105 654 cuma
1138 614 1177 654 A
1196 612 1243 654 Μ
1263 610 1297 653 Β
1329 615 1407 655 eius
1437 614 1617 656 diree'trix
1638 648 1648 667 ,
1678 626 1792 668 quam
1828 616 1884 656 fii·

566 676 710 732 perior-i
743 686 854 732 parte
887 676 1049 719 flexibili
1079 677 1117 719 A
1138 675 1185 718 Μ
1219 677 1268 718 ita
1299 676 1477 719 contactu
1509 679 1817 732 complectatur,
1836 687 1883 720 vt

565 749 647 794 pars
681 739 832 782 inferior
865 741 912 783 M
930 735 970 782 G
992 770 1004 792 ‚
1044 741 1136 781 dum
1170 749 1377 793 mouetur,
1419 743 1466 782 ab
1500 743 1640 783 vltimo
1688 741 1882 783 contaetus

562 803 708 858 puncto
738 798 786 847 M
819 802 1004 845 continno
1034 805 1073 843 in
1110 803 1300 843 directum
1334 802 1560 857 porrigatur.
1628 805 1796 847 Primum
1821 818 1882 847 er-

562 879 614 921 go
644 867 885 909 manifestum
920 865 973 906 est
993 895 1004 915 ,
1056 864 1154 905 hanc
1205 873 1427 918 tangentem
1470 864 1519 906 M
1538 862 1578 906 G
1612 876 1681 919 pet
1710 869 1885 921 corporis

563 940 734 971 centrum
771 929 961 985 grauitatis
993 923 1033 969 G
1066 927 1135 968 effi:
1166 927 1434 980 transituram,
1465 939 1516 969 eo
1547 928 1649 983 quod
1682 930 1806 971 media
1823 932 1883 972 vis

561 992 791 1048 centrifugae
822 988 986 1036 direc‘tio
1003 1024 1014 1044 ,
1045 1001 1116 1045 qua
1147 991 1358 1046 pendulum
1391 1000 1540 1045 praeter
1556 994 1778 1045 grauitatem
1797 1003 1882 1036 ten-

559 1057 690 1105 ditur,
726 1068 797 1111 per
826 1050 1013 1111 punemm
1047 1054 1123 1095 hoc
1143 1051 1197 1095 ‘G
1231 1054 1371 1095 transit.
1438 1053 1590 1096 Deinde
1623 1066 1714 1096 cum
1747 1068 1882 1111 corpis

559 1118 636 1161 hoc
669 1130 846 1161 mouetur
864 1154 875 1174 ,
907 1114 1092 1174 punctum
1127 1115 1166 1159 G
1199 1116 1383 1159 describet
1413 1129 1570 1159 curnam
1603 1116 1642 1159 G
1662 1116 1698 1159 C
1719 1151 1730 1171 ‚
1780 1121 1881 1161 cuius

561 1183 716 1224 euoluta
768 1184 838 1224 erit
880 1182 954 1237 ipsa
987 1179 1168 1223 directrix
1200 1182 1238 1222 A
1261 1180 1306 1222 M
1325 1178 1389 1233 B,
1441 1181 1493 1222 ita
1526 1190 1571 1222 vt
1603 1181 1712 1235 ipsius
1760 1183 1882 1225 radius

559 1247 766 1303 caruedinis
795 1247 836 1287 in
870 1246 1015 1301 puncto
1046 1243 1086 1288 G
1120 1245 1161 1285 sit
1194 1244 1297 1285 reeta
1329 1241 1369 1286 G
1389 1244 1451 1287 Μ.
1516 1242 1575 1286 Sit
1607 1245 1710 1287 reeta
1751 1246 1788 1288 Α
1811 1245 1881 1301 D,

559 1321 654 1364 quae
686 1323 841 1352 curnam
876 1310 917 1351 in
950 1306 1131 1363 supremo
1163 1307 1308 1362 pune'to
1339 1310 1377 1350 A
1412 1308 1564 1363 tangit,
1593 1309 1877 1363 verticalis,ad

556 1374 659 1414 cuius
690 1373 847 1415 aiteram
881 1383 1031 1429 partem
1064 1369 1192 1414 similis
1221 1371 1358 1413 existat
1374 1382 1487 1413 curua
1504 1370 1688 1413 directrix
1707 1371 1845 1414 AMB
1864 1404 1877 1426 ,

557 1437 595 1476 in
629 1435 747 1490 figura
781 1448 858 1477 non
893 1435 1063 1489 expreisa
1083 1469 1093 1488 ,
1127 1434 1277 1489 hocque
1311 1435 1519 1489 pendulum
1541 1436 1606 1476 ista
1624 1435 1875 1490 osculabitur,

557 1508 602 1540 vt
635 1499 712 1539 eius
737 1494 927 1554 'punctum
962 1495 1002 1538 G
1035 1499 1072 1538 in
1113 1510 1224 1538 curua
1274 1494 1313 1538 G
1334 1495 1369 1540 C
1419 1498 1463 1538 ad
1513 1498 1671 1539 alteram
1724 1510 1871 1553 partem

557 1561 744 1616 producta
796 1572 903 1604 motu
954 1558 1149 1616 reciproco
1196 1560 1408 1603 alternatim
1441 1560 1636 1603 descendat
1676 1572 1715 1603 et
1748 1561 1872 1606 ascen·

554 1628 651 1679 dat,
690 1625 812 1680 sicque
844 1624 1088 1666 oscillationes
1119 1624 1303 1679 perficiat.

708 1723 743 1772 §-
777 1734 817 1772 9.
838 1718 1133 1762 Consideremus
1163 1718 1328 1773 primum
1347 1715 1451 1759 huius·
1476 1721 1646 1772 corporis
1671 1718 1779 1762 situm
1807 1733 1869 1765 ua·

557 1785 711 1830 turalcm
732 1819 743 1837 ,
775 1797 853 1840 quo
885 1785 962 1826 eius
1001 1794 1172 1825 centrum
1213 1782 1404 1836 grauitatis
1442 1781 1481 1822 in
1523 1782 1645 1823 ιϊᾶιιε
1685 1786 1873 1828 verticalis

556 1852 594 1893 A
615 1849 650 1892 C
687 1849 828 1906 puncto
857 1846 892 1889 C
927 1848 1121 1900 versatur,
1157 1856 1194 1888 et
1224 1847 1263 1887 in
1297 1856 1373 1901 qno
1406 1842 1473 1886 situ
1516 1846 1721 1899 pendulum
1745 1880 1756 1899 ‚
1805 1849 1871 1893 nifi

557 1916 634 1956 iam
670 1924 821 1955 motum
855 1912 992 1955 habeat
1023 1920 1206 1966 perpetuo
1235 1910 1280 1951 sit
1317 1910 1551 1964 quieturum.
1622 1907 1667 1950 In
1706 1911 1784 1954 hoc
1825 1914 1870 1956 si.

558 1988 596 2020 tu
617 1978 659 2019 sit
680 1978 863 2030 punctum
885 1975 927 2017 D
944 1985 1115 2017 centrum
1144 1973 1384 2016 osculationis
1402 1973 1514 2014 totius
1550 1971 1700 2028 penduli
1721 2008 1732 2027 ,
1770 1979 1870 2019 cuius

557 2038 724 2082 distantia
742 2053 764 2080 a
784 2039 925 2094 puncio
945 2040 981 2080 Α
1004 2038 1152 2093 prodit,
1170 2036 1197 2080 si
1215 2035 1374 2092 singulae
1392 2039 1562 2091 corporis
1579 2037 1781 2092 particulae
1801 2046 1869 2095 pet

555 2106 734 2159 quadrata
767 2102 1027 2146 distantiarum
1061 2103 1108 2144 ab
1141 2113 1216 2150 axe
1249 2102 1286 2143 A
1326 2100 1626 2155 multiplicentur
1647 2133 1659 2156 ‚
1713 2097 1879 2165 liorurq-'

1795 2179 1866 2223 quc
