2052 2668
362 221 439 266 AC
474 219 840 265 MIC'ROSCOPII
874 214 1120 262 SOLARIS.
1211 222 1216 228 '
1344 221 1432 268 367

144 333 210 376 Ne
239 334 350 386 'igitur
380 334 470 375 haec
504 332 670 372 confusio
700 333 813 372 nimis
846 332 912 372 fiat
948 329 1112 371 sensibilis
1130 362 1149 381 ‚⁷
1174 328 1200 370 si
1219 336 1430 382 aperturae,

142 410 252 450 quam
304 397 515 438 circularem
559 392 1056 445 afflimo‚1emidiameter
1096 402 1345 446 ponatut—
1290 422 1346 430 .-
1377 391 1433 442 b,

143 471 383 525 quantitas
351 450 395 491 ἑὸ
427 476 574 519 partem
608 465 714 518 digiti
766 464 1108 519 quinquagesimam
1157 463 1324 516 superare
1365 462 1434 503 vix

143 531 282 570 debet:
303 529 372 568 seu
405 529 428 568 fi
460 525 487 567 δ
527 527 681 567 denotet
720 528 824 580 digiti
874 526 1021 580 pii-tem
1069 524 1402 596 quinquagesimam
1423 556 1434 576 ,

138 590 234 631 'non
256 590 340 630 effe·
362 589 552 642 oportebit
582 589 605 630 b
627 592 668 640 >
695 586 734 628 V
754 587 782 630 δ·
792 589 850 644 f:
886 601 960 642 quo
991 598 1115 628 autem
1138 589 1264 627 minor
1279 587 1437 640 accipia-

146 663 206 694 tur
237 660 434 705 apertura
466 664 514 691 eo
546 653 666 704 magis
697 651 860 692 confusio
889 650 934 689 ab
966 650 1132 702 apertura
1159 650 1314 689 oriunda
1334 656 1437 689 caue-

143 714 215 756 tur.
249 711 416 782 Quodsi
407 709 501 754 vero
519 715 695 765 exiguam
715 712 969 752 confusionem
988 723 1064 750 non
1083 723 1253 751 curemus
1263 724 1347 765 qu
1343 711 1436 752 inti-

145 774 230 817 tas&
240 774 284 817 ad
303 771 448 829 partem
467 772 574 828 di'giti
591 771 837 815 viceliuiam'
829 786 909 813 imo
928 773 1117 813 decimam
1136 776 1257 825 augeri
1277 775 1434 826 poterit.

141 838 145 842 ’
261 834 297 880 5.
326 850 379 887 7.
414 833 557 886 Tabula
587 836 852 889 deniqueTV
875 836 1037 875 dealbata
1059 845 1208 888 ,atque
1241 833 1284 875 ad
1320 847 1436 875 axem

147 900 252 940 lentis
283 901 316 940 A
349 911 368 938 e
402 898 621 938 normaliter
649 898 843 937 constituta
873 897 943 936 effe
972 897 1096 936 debet.
1160 898 1264 936 Tum
1290 897 1439 939 veroid

146 962 336 1014 imprimis
367 960 561 1012 requiritur
581 991 591 1010 ,
625 969 667 998 vt
696 960 788 998 haec
822 959 946 999 tabula
978 959 1014 998 in
1048 959 1136 999 loco
1169 961 1337 999 maxime
1370 959 1438 1000 ob·

138 1023 248 1066 scuro
266 1023 309 1067 sit
323 1020 439 1072 pofita
457 1030 530 1068 ,χιιι
548 1021 586 1058 in
605 1033 689 1059 eam
711 1021 799 1059 nulli
834 1021 896 1059 alii
929 1021 1018 1059 radii
1052 1022 1142 1061 lucis
1162 1053 1173 1072 ‚
1207 1021 1274 1060 nisi
1293 1023 1353 1073 qui
1388 1022 1436 1061 ab

147 1083 300 1122 obiecto
339 1082 369 1121 F
388 1077 477 1131 EG
511 1093 578 1133 per
610 1081 748 1121 lentem
770 1081 815 1122 M
835 1081 881 1121 M
905 1083 1192 1122 transmittantur
1211 1114 1222 1132 ,
1256 1084 1434 1123 incidant.

144 1143 242 1183 Hinc
276 1143 424 1183 sollicite
444 1144 562 1182 vomni
595 1144 733 1183 alienae
763 1144 833 1184 luci
867 1145 983 1183 aditus
1013 1145 1058 1183 ad
1079 1143 1242 1183 tabulam
1263 1144 1313 1184 est
1330 1157 1438 1197 prae-

144 1206 366 1254 cludendus,
384 1215 508 1259 datque
542 1215 663 1244 totum
698 1205 852 1257 spatium
889 1207 984 1245 inter
1014 1205 1157 1244 lentem
1178 1205 1223 1246 M
1241 1205 1288 1245 M
1323 1216 1360 1245 et
1380 1217 1434 1245 ta-

147 1267 273 1307 bulam
332 1267 369 1305 T
399 1267 431 1306 V
492 1267 736 1319 interceptum
797 1266 969 1320 perfectis
1036 1268 1192 1307 tenebris
1255 1268 1437 1308 obscurari

143 1330 267 1376 debet.
310 1329 728 1384 Qiaeycireumstantia
748 1361 759 1380 ,
808 1330 835 1370 fi
871 1329 990 1382 probe
1040 1329 1250 1369 obseruetur
1276 1361 1287 1381 ‚
1342 1330 1437 1370 radii

143 1392 191 1432 ab
237 1390 388 1440 obiecto
437 1404 501 1444 per
544 1393 686 1432 lentem
739 1392 931 1432 transmissi
972 1390 1139 1443 effigiem
1181 1390 1283 1444 super
1332 1393 1438 1432 tabu-

143 1452 176 1492 la
210 1464 286 1491 non
322 1452 441 1492 solum
476 1454 575 1493 clare
606 1455 662 1502 sed
697 1454 811 1502 etiam
829 1454 996 1493 distinete
1016 1454 1257 1493 exhibebunt.
1278 1452 1437 1506 Specta-

145 1523 207 1553 tor
239 1526 328 1566 ergo
348 1546 358 1564 ,
390 1516 450 1567 qui
480 1527 564 1568 eam
584 1517 831 1567 contemplati
847 1517 950 1567 cupit
970 1545 981 1562 ‚
1016 1516 1055 1553 iu
1085 1517 1220 1554 eodem
1253 1516 1342 1555 loco
1366 1516 1435 1554 ob-

143 1576 245 1615 scuro
276 1576 476 1617 collocatus
507 1577 578 1616 efl‘e
597 1610 608 1628 ,
642 1578 701 1617 vel
732 1575 856 1617 {altem
891 1579 924 1616 ei
957 1587 1128 1629 apertura
1160 1589 1209 1615 eo
1239 1577 1436 1630 inspicien=

141 1638 182 1687 di
215 1638 366 1690 relinqui
399 1639 520 1678 debet.
556 1640 659 1680 Tum
693 1652 786 1679 vero
818 1640 929 1679 etiam
965 1639 1034 1691 ipsi
1065 1640 1318 1679 commoditas
1346 1651 1430 1691 pro—

145 1701 260 1738 curari
292 1701 465 1755 poterit,
497 1710 542 1738 vt
575 1713 650 1738 non
683 1701 799 1739 solum
833 1700 1000 1751 effigiem
1036 1701 1204 1751 intueri,
1238 1701 1432 1741 sedetiam

146 1772 232 1800 eam
266 1761 358 1810 stylo
391 1760 555 1813 prosequi
587 1774 629 1799 ac
663 1761 845 1800 delineare
878 1761 1013 1800 xizilcit

259 1814 294 1862 5
336 1829 376 1863 8.
409 1822 518 1861 Loco
551 1822 692 1862 tabulae
723 1824 824 1862 albic
857 1823 946 1862 TV
981 1823 1094 1863 eti-im
1145 1824 1265 1864 tabula
1315 1826 1433 1866 vitica

146 1875 318 1923 adhiberi
344 1874 490 1936 potest,
524 1886 622 1924 cuius
653 1886 765 1924 :tilteri
796 1885 999 1937 superficies
1050 1885 1124 1938 pol
1130 1896 1206 1926 turi
1241 1887 1283 1926 sit
1315 1890 1435 1939 priua-

206 1945 341 1996 haec
373 1947 469 1985 enim
503 1946 706 1998 superficies
739 1947 942 1986 albedinem
979 1948 1178 1988 mentietur
1197 1959 1333 2000 ,atque
1351 1949 1435 1989 effi-

149 2008 251 2059 giem
285 2007 423 2057 obiecti
454 2009 602 2060 perinde
634 2010 796 2060 recipiet.
831 2010 945 2064 Quod
977 2011 1002 2049 si
1021 2010 1109 2050 haec
1144 2011 1342 2063 superficies
1362 2023 1433 2050 ex-

150 2079 204 2107 tus
239 2079 424 2120 vertitur,
456 2072 537 2110 t'um
571 2084 591 2109 a
624 2071 828 2124 spectatore
879 2083 975 2122 pone
1025 2072 1182 2112 tabulam
1236 2074 1435 2113 constituto

148 2130 289 2182 effigies
321 2143 398 2170 uon
431 2130 546 2172 solum
580 2133 718 2187 aspici,
752 2133 808 2174 sed
845 2135 957 2173 eti-,im
992 2134 1086 2185 stylo
1126 2135 1305 2188 plumbeo
1342 2135 1430 2174 deli-

1329 2209 1432 2237 neari
