2052 2668
399 183 481 226 DE
512 177 792 226 MACHINIS
823 176 892 225 IN
923 176 1168 224 GENERE.
1379 197 1466 236 255

177 297 281 338 nibus
317 295 393 335 iam
426 293 504 335 {atis
535 293 712 347 superque
744 293 936 333 rindicare
967 293 1169 347 videntut3
1222 299 1348 333 tamen
1400 295 1476 346 ipsa

156 357 399 400 mechanica
433 356 590 409 vulgaris
610 388 621 408 ,
667 368 760 409 quae
793 357 832 395 in
863 355 1056 397 Machinis
1080 356 1295 396 instruendis
1334 364 1373 395 et
1407 368 1462 395 ex

172 420 350 474 plicandis
367 419 528 460 versatur
544 450 555 468 ,
572 417 756 459 summam
776 419 982 470 Analyseos
1012 431 1088 458 non
1107 417 1222 459 solum
1242 418 1440 460 vtilitatem
1462 451 1474 471 ‚

173 483 234 523 fed
283 485 399 524 etiam
449 480 696 522 necessitatem
718 514 729 533 ,
763 482 956 522 clariffime
987 482 1135 522 euincit.
1218 481 1475 535 Quaecunque

172 546 276 585 enim
310 549 350 586 in
383 542 608 585 Mechanica
638 546 684 584 de
718 554 847 585 natura
881 553 918 585 et
950 543 1015 584 vsu
1066 543 1330 585 Machinarum
1382 544 1475 585 tradi

173 606 320 660 solent,
351 611 430 647 tam
466 605 547 646 (imt
580 606 799 660 imperfecta
821 639 831 658 ,
864 617 902 646 et
935 605 1155 658 plerumque
1190 609 1296 647 omni
1345 606 1476 647 fimda·

173 678 304 712 mento
334 669 503 709 destituta
521 700 533 719 ,
565 678 609 709 vt
642 670 809 709 maxime
850 669 1068 708 mirandum
1101 668 1147 708 fit
1166 700 1176 719 ,
1224 664 1474 710 communem

171 732 391 784 opinionem
426 732 474 771 de
506 732 584 772 eius
617 731 766 771 eximio
798 729 862 771 vsu
894 730 1038 770 tamdiu
1088 730 1268 770 sustentari
1290 733 1474 784 potuisse:

169 792 231 834 hic
251 803 378 835 autem
398 793 557 834 defec'tus
589 793 681 834 nulli
714 793 777 834 alii
809 793 935 833 causae
956 824 966 843 ,
1001 792 1068 832 nisi
1086 794 1313 845 ignorationi
1332 794 1473 845 Analy-

170 855 248 896 seos
279 856 496 896 sublimioris
515 886 525 905 ,
557 854 710 895 adscribi
755 856 875 907 potest
893 887 903 906 ,
935 856 1077 908 quippe
1110 857 1209 896 cuius
1240 856 1473 896 adminiculo

169 918 328 958 demum
364 918 534 970 cognitio
572 916 830 959 Machinarum
864 917 1024 970 perfici,
1057 927 1166 970 atque
1183 918 1226 958 ad
1245 927 1472 972 exoptatum

169 980 276 1020 vsum
310 981 350 1019 in
385 980 462 1019 vita
493 980 692 1019 communi
726 979 1015 1027 accommodari
1045 990 1170 1033 queat.

284 1041 318 1088 ς.
355 1051 395 1086 3.
431 1039 612 1079 Maxime
643 1048 769 1093 autem
802 1042 992 1093 vulgarem
1036 1042 1282 1084 Mechanicae
1331 1045 1474 1086 doctri-

170 1113 261 1142 nam
296 1102 343 1141 de
380 1101 568 1143 Machinis
606 1100 684 1142 effe
716 1103 1012 1155 imperstfflm,
1062 1104 1138 1143 iam
1195 1106 1341 1158 pridem
1394 1118 1473 1147 non

166 1164 321 1204 obscure
341 1196 352 1215 ,
371 1165 434 1218 qui
452 1165 492 1203 in
510 1163 702 1205 Machinis
729 1165 959 1206 elaborandis
976 1166 1054 1206 sunt
1072 1170 1240 1220 occupati
1260 1201 1270 1219 ,
1303 1169 1473 1212 animad-

169 1235 368 1267 verterunt.
433 1227 683 1283 Quantumuis
715 1229 817 1267 enirn
852 1240 974 1269 nonae
1015 1231 1214 1282 cuiuspiam
1269 1231 1472 1272 Machinae

173 1289 346 1330 struc'tura
379 1291 569 1342 principiis
601 1289 848 1331 mechanicae
883 1290 1088 1331 conformis
1112 1292 1309 1344 videatur,
1343 1303 1471 1335 tamen

169 1352 215 1391 de
248 1352 322 1391 eius
355 1349 589 1391 effestuvix
624 1353 819 1406 quicquam
853 1364 936 1393 ante
973 1355 1141 1406 polliceri
1193 1356 1305 1406 licet,
1358 1369 1471 1410 quam

169 1414 424 1465 experientiae
456 1414 679 1466 approbatio
708 1415 890 1454 accesserit
911 1431 919 1455 :
953 1426 991 1454 et
1009 1447 1019 1466 ,
1039 1428 1268 1469 quamquam
1287 1417 1392 1470 ffiepe
1411 1421 1436 1459 ii
1456 1451 1467 1469 ,

166 1476 227 1528 qui
278 1475 442 1514 multum
497 1487 634 1528 operae
688 1476 867 1528 studiique
906 1478 943 1516 in
979 1477 1168 1517 Machinis
1215 1480 1469 1521 construendis

163 1536 440 1577 consumserunt
461 1569 471 1589 ,
506 1546 649 1577 tantam
682 1538 917 1590 firgacitatem
951 1539 1068 1592 longo
1103 1539 1163 1580 vsu
1197 1541 1267 1580 fint
1310 1543 1466 1595 adepti,

166 1609 209 1638 vt
247 1602 293 1640 de
326 1599 462 1640 effectu
495 1613 622 1641 earum
657 1610 762 1641 certo
793 1603 1038 1654 pronunciare
1072 1603 1212 1654 ausint,
1263 1613 1466 1659 antequam

164 1663 439 1713 experientiam
471 1663 740 1712 consiiliierint,
774 1674 900 1704 tamen
949 1674 1092 1704 tantum
1143 1667 1269 1717 abest,
1318 1678 1361 1708 vt
1391 1669 1466 1708 hoc

164 1723 330 1765 scientiae
362 1724 523 1775 ipsorum
558 1724 811 1771 Theoreticae
845 1727 952 1765 tribui
983 1727 1095 1778 possit
1116 1760 1124 1775 ,
1158 1739 1202 1767 vt
1236 1729 1359 1780 potius
1400 1732 1465 1770 soli

167 1786 421 1836 experientiae
454 1784 602 1825 adscribi
633 1787 776 1825 debeat.
843 1787 940 1827 Hinc
972 1791 1035 1840 qui
1069 1790 1151 1828 solis
1181 1791 1340 1842 regulis,
1373 1805 1465 1846 quae

167 1846 281 1898 vulgo
321 1848 359 1886 in
463 1848 639 1887 chanicae
671 1851 868 1888 elementis
899 1852 991 1890 tradi
1025 1851 1164 1903 solent,
1215 1853 1377 1894 imbutus
1415 1856 1462 1895 ad

167 1907 384 1950 Machinaru
440 1910 636 1950 rfabricam
672 1912 705 1950 se
737 1913 898 1965 accingit
918 1943 928 1960 ‚
963 1914 1009 1953 de
1043 1926 1171 1954 earum
1206 1915 1362 1956 successu
1398 1918 1462 1957 vel

167 1972 256 2010 nihil
293 1971 503 2024 praedicere
536 1973 677 2013 valebit
699 2006 709 2024 ,
740 1976 800 2013 vel
834 1975 893 2027 spe
925 1987 1111 2028 concepta
1143 1978 1347 2030 filepiffime
1389 1979 1463 2021 sru-

165 2034 343 2073 strabitur.
413 2034 476 2074 Ex
509 2036 639 2088 quibus
671 2036 865 2077 clariffime
907 2038 1150 2090 perspicitur,
1198 2043 1459 2093 cognitionem

165 2095 433 2137 machinarum
471 2097 662 2151 vulgarem
687 2131 697 2150 ,
742 2101 857 2154 qualis
888 2103 925 2140 in
977 2101 1219 2143 Mechanicae
1265 2105 1462 2145 elementis

1387 2179 1457 2207 ex-
