2052 2668
469 201 696 254 »gaiffissego-
728 213 755 241 0
791 202 1018 254 ...ἧοςζὲζρῦω
1352 207 1407 253 36
1415 218 1437 254 3

459 360 464 363 .
537 307 1022 369 EMENDATIO

474 395 806 463 LATERNAEq
835 391 1097 437 MAGlCAE

470 456 823 541 MicRoscossir
856 495 1098 541 somnus,

687 567 877 598 AVCTORE

664 613 712 654 L.
745 612 888 652 Eulero.

722 705 755 752 ξ.
795 716 835 743 1.

145 792 300 906 Cum
334 800 555 842 construe‘tio
586 808 626 840 et
659 800 809 840 effeetus
840 798 981 840 horum
1011 800 1170 840 duorum
1212 798 1433 843 instrumen-

269 872 394 901 torum
428 861 719 913 Dioptricorum
753 861 841 901 stitis
860 862 904 901 fit
938 863 1108 914 cognitus
1126 893 1137 912 ,
1186 861 1433 903 incommoda

143 936 180 964 et
216 924 297 964 vitia
318 955 330 974 ,
361 923 489 976 quibus
519 934 562 961 ea
593 923 790 973 laborant,
824 933 908 963 ante
939 923 1257 963 commemorabo
1275 956 1286 976 ‚
1317 937 1430 977 quam

142 998 273 1025 eorum
306 985 611 1022 emendationem
643 995 850 1036 exponam.
914 985 1044 1025 Primo
1082 995 1205 1037 autem
1257 986 1402 1026 obieeta
1423 1018 1434 1038 ,

143 1058 234 1098 quae
269 1056 345 1096 per·
370 1055 566 1096 Vtrumque
598 1043 734 1084 horum
777 1045 1107 1086 instrumentorum
1159 1048 1433 1101 repraesentare

141 1107 320 1147 volumus
338 1137 348 1156 ‚
380 1105 560 1158 pellucida
592 1107 660 1146 effe
692 1106 831 1147 debent
850 1140 860 1158 ,
891 1108 941 1147 ita
974 1117 1014 1146 vt
1047 1108 1093 1149 ab
1125 1119 1199 1146 vna
1226 1119 1332 1161 parte
1351 1110 1429 1150 illu-

142 1170 282 1209 minata
315 1167 432 1208 etiam
463 1180 513 1208 ex
546 1167 657 1208 altera
689 1179 792 1221 parte
822 1169 1032 1222 splendeant
1050 1202 1060 1221 ‚
1094 1178 1206 1222 atque
1244 1171 1432 1212 illumina-

142 1231 199 1270 tio
230 1229 326 1283 quasi
360 1241 428 1282 per
459 1229 577 1282 ipsum
612 1230 749 1271 obieeti
779 1244 911 1284 corpus
958 1241 1140 1285 penetret.
1209 1233 1309 1273 Hinc
1360 1245 1432 1286 pro

141 1293 300 1333 Laterna
344 1290 495 1344 Magica
528 1293 675 1333 obieeta
698 1324 708 1344 ‚
742 1294 1040 1347 repraesentanda
1076 1293 1179 1346 super
1213 1295 1341 1335 tabulis
1372 1297 1430 1335 vi-

140 1356 226 1395 treis
257 1355 361 1407 pingi
393 1353 535 1405 iolent‚
568 1355 676 1407 idque
711 1356 894 1396 coloribus
925 1357 1089 1397 tenuibus
1126 1369 1180 1402 ac,
1210 1349 1431 1411 diaphanis',

139 1426 183 1457 vt
213 1416 356 1469 pistura
390 1417 634 1468 pelluciditati
666 1418 805 1458 nullum
842 1419 1103 1459 detrimentum
1148 1419 1293 1461 afferat.
1357 1420 1431 1460 Pro

125 1478 400 1530 .Microsc0pio
431 1488 556 1518 autem
581 1478 688 1518 solari
720 1480 877 1520 minima
910 1481 1056 1521 obieeta
1076 1513 1087 1531 ‚
1118 1478 1279 1534 quorum
1298 1481 1429 1535 imago

138 1554 208 1593 per
239 1541 274 1581 id
308 1542 345 1580 in
374 1541 588 1593 oppositam
609 1541 771 1581 tabulam
804 1543 926 1583 albam
960 1543 1175 1595 proficitur,
1210 1552 1285 1583 tam
1306 1545 1428 1584 tenuia

140 1604 208 1643 effe
240 1612 451 1655 opportet,
486 1613 530 1643 vt
562 1617 633 1657 pro
663 1604 852 1656 diaphanis
882 1605 1008 1645 haberi
1039 1615 1187 1660 queant.
1224 1606 1332 1646 Vnde
1352 1619 1427 1647 non

137 1665 259 1706 solum
281 1667 365 1710 *hoc
398 1667 691 1706 incommodum
726 1666 881 1706 nascitur
899 1699 910 1717 ‚
943 1669 1039 1719 quod
1060 1680 1136 1707 non
1169 1667 1295 1707 omnis
1312 1680 1429 1720 gene-

139 1717 234 1766 neris
262 1728 406 1766 obieeta
437 1738 505 1778 per
535 1726 626 1765 haec
666 1727 906 1768 instrumenta
954 1729 1209 1780 repraesentari
1257 1739 1394 1783 queant
1412 1762 1425 1783 ,

138 1788 194 1827 sed
225 1788 338 1828 etiam
361 1820 371 1839 ,
403 1800 489 1828 cum
522 1787 682 1839 perfiee‘ta
714 1788 935 1842 penuciditas
967 1790 1082 1831 etiam
1117 1792 1154 1831 in
1179 1792 1220 1832 iis
1238 1792 1394 1833 obiectis
1412 1825 1425 1846 ,

135 1863 227 1902 quae
259 1850 442 1903 aptiffima
472 1850 670 1901 videntur,
704 1852 812 1891 inesse
847 1864 923 1890 nou
956 1852 1096 1904 poffit‚
1137 1855 1214 1894 eius
1263 1855 1426 1896 defectus

138 1912 340 1952 necefflrio
371 1913 407 1953 in
438 1913 772 1967 repraesentatione
804 1913 1067 1955 obscuritatem
1100 1925 1137 1956 et
1171 1915 1423 1958 confufionem

132 1977 264 2027 pariet.
500 2030 501 2033 Ἴ

254 2038 287 2085 §.
326 2052 366 2078 ε.
398 2037 548 2080 Deinde
577 2039 725 2080 obieeta
755 2040 791 2079 in
824 2039 880 2080 his
911 2041 1155 2082 instrumentis
1203 2054 1280 2082 non
1310 2043 1349 2083 in
1380 2055 1425 2085 ea

139 2109 243 2151 parte
261 2132 272 2151 ‚
302 2113 393 2154 quae
426 2102 512 2149 lenti
543 2102 750 2157 refringenti
784 2103 836 2142 est
868 2104 1018 2146 obuersa
1036 2138 1048 2158 ‚
1080 2105 1194 2147 sedin
1211 2104 1322 2148 altera
1340 2119 1426 2160 par-

686 2161 725 2206 Z
758 2177 781 2204 z
816 2177 841 2204 2
1381 2177 1421 2210 te
