2052 2668
343 220 432 266 *Ac
463 216 821 264 MICROSCOPH
852 213 1096 272 SOLARIs.
1335 225 1421 266 ,ψ

137 334 351 374 dummodo
379 335 500 374 tabula
533 333 572 372 in
604 332 733 372 focum
762 331 869 372 lentis
900 330 1150 372 constituatur.
1214 325 1278 368 Eo
1297 324 1425 366 minor

139 407 268 437 autem
301 398 370 437 erit
399 397 527 450 imago
546 426 557 446 ‚
589 407 664 448 quo
695 396 823 434 minor
855 394 960 434 flierit
989 392 1094 434 lentis
1124 388 1291 431 distantia
1327 385 1429 428 soca-

140 459 211 509 lis,
245 471 372 500 contra
403 471 497 505 vero
526 458 694 528 splendor
726 457 898 510 imaginis
929 468 978 497 eo
1011 454 1132 508 magis
1171 453 1430 502 diminuetur,

138 533 215 575 quo
245 522 410 566 distantia
441 520 568 562 focalis
596 521 719 560 maior
751 520 965 572 accipiatur.
1048 517 1150 558 Cum
1193 524 1320 571 autem
1365 513 1430 553 iste

142 582 389 625 Camerarum
429 582 662 624 obscurarum
701 583 787 623 vsus
812 584 895 622 satis
925 581 970 623 fit
1008 582 1215 634 cognitus,
1246 591 1295 618 eo
1325 574 1431 617 fufius

140 649 370 699 exponendo
405 645 466 686 hic
495 646 723 700 supersedeo.
1380 656 1388 666 ⁸

255 709 288 758 5.
327 722 394 758 14.
429 707 531 748 Cum
563 710 676 761 igitur
718 708 762 748 fit
800 705 941 747 obiecti
991 705 1263 745 semidiameter
1293 715 1386 744 e:
1406 709 1433 748 3

139 771 310 824 pedum,
341 771 416 812 eius
446 785 467 812 a
499 772 597 814 lente
627 770 797 811 distantia
822 770 922 811 EA
954 768 1002 808 ad
1032 769 1239 816 minimum
1268 766 1337 806 effe
1369 764 1438 804 de·

139 833 244 874 bebit
270 840 351 878 18
387 834 558 889 pedum,
589 832 647 872 seu
678 833 770 873 EA
789 844 961 872 za:
985 838 1036 873 18
1072 830 1163 883 ped.
1226 825 1328 869 Hinc
1362 824 1435 865 ob-

141 872 282 934 iedtum
318 895 346 935 F
365 894 401 935 E
421 893 459 936 G
492 904 600 935 extra
630 892 832 934 eameram
868 893 1061 935 obscuram
1096 894 1132 934 R
1148 888 1177 934 S
1195 881 1234 930 T
1252 891 1288 930 V
1341 899 1439 928 con-

143 955 309 996 stitutum
350 958 419 996 effe
459 957 570 995 debet
587 987 598 1007 ,
647 956 748 1010 quod
782 969 858 1009 quo
905 955 1128 996 sufficienter
1176 953 1437 1002 illuminetur,

140 1018 205 1056 vel
238 1018 346 1057 radiis
378 1016 548 1056 solaribus
581 1017 623 1056 fit
653 1019 866 1070 expositum
888 1049 899 1068 ‚
921 1034 925 1038 <
949 1018 1012 1057 vel
1043 1029 1112 1068 per
1146 1017 1340 1068 ingentem
1377 1013 1433 1053 lu-

145 1078 292 1118 minum
328 1080 407 1118 vim
441 1078 702 1131 collustretur3
739 1079 782 1118 sit
813 1079 926 1131 igitur
956 1078 1138 1131 quantitas
1176 1078 1325 1117 luminis
1357 1075 1430 1114 ob-

140 1138 242 1180 ied’co
275 1140 422 1181 ἰηᾶιιᾶι
455 1140 597 1180 :L
642 1141 838 1197 Quoniam
870 1143 983 1194 igitur
1009 1139 1201 1180 obieetum
1221 1138 1338 1192 ipsum
1357 1136 1438 1176 iim

142 1200 226 1241 satis
258 1203 310 1261 est
341 1205 553 1257 mignum,
585 1215 660 1242 non
694 1203 893 1243 conueniet
927 1203 965 1243 id
997 1203 1072 1242 mai
1075 1203 1131 1242 ori
1162 1203 1284 1242 forma
1332 1198 1438 1252 super

143 1264 292 1304 tabula·
295 1267 492 1318 exprimi,
525 1266 570 1306 sit
609 1278 702 1318 ergo
740 1265 869 1319 imago
921 1265 991 1319 ipfi
1040 1264 1194 1304 obiee'to
1243 1262 1435 1316 aequalis,

143 1324 203 1375 ieu
235 1339 258 1366 n
277 1341 330 1366 Ξ
354 1341 405 1380 1,
440 1328 540 1367 vnde
574 1327 681 1367 lentis
712 1327 756 1368 M
776 1328 821 1370 M
854 1327 1021 1368 distantia
1055 1326 1180 1367 focalis
1212 1325 1282 1366 effe
1323 1325 1441 1364 debe-

142 1388 197 1427 bit
222 1390 318 1441 f:
340 1404 364 1438 9
399 1393 568 1443 pedum,
599 1391 658 1430 seu
697 1397 776 1432 108
814 1391 903 1444 dig.
943 1391 1002 1431 cui
1042 1390 1220 1430 tribuatur
1269 1396 1441 1441 apertura

142 1451 407 1493 semidiametri
437 1453 535 1493 b:
561 1466 578 1491 1
616 1453 691 1504 dig.
759 1455 849 1510 Quo
881 1453 981 1493 flie'to
1018 1454 1147 1504 imago
1185 1451 1441 1504 repraesenta-

143 1513 240 1553 bitur
272 1515 423 1555 naturali
443 1515 720 1567 magnitudine,
751 1515 808 1556 sed
840 1516 909 1555 situ
944 1515 1088 1554 inuerso
1105 1509 1141 1568 s
1162 1526 1183 1553 e
1209 1525 1238 1564 g
1259 1545 1270 1564 ‚
1301 1513 1346 1552 ad
1379 1512 1440 1551 di-

142 1575 310 1617 stultiam
343 1591 364 1618 a
397 1578 497 1618 lente
530 1575 671 1618 Be—
619 1609 670 1618 ...„
695 1584 748 1620 18
784 1578 871 1632 ped.
923 1578 1068 1630 eiusque
1114 1576 1250 1616 lumen
1280 1568 1438 1615 erit*
1383 1602 1439 1613 -.,.

143 1676 225 1702 ...2
259 1647 412 1690 2-L
363 1663 412 1670 —
451 1684 514 1704 22
550 1650 598 1691 L-

230 1675 293 1751 ξ.
334 1724 403 1761 15.
438 1712 478 1749 Si
510 1714 618 1763 igitur
649 1713 837 1753 obiectUm
869 1725 889 1752 a
923 1713 992 1752 sole
1022 1712 1130 1753 fuerit
1182 1710 1404 1751 illustr-itum
1425 1740 1439 1762 ,

150 1770 278 1812 lumen
308 1772 482 1823 imaginis
500 1774 617 1813 adhuc
639 1775 756 1814 mlius
788 1776 875 1825 erit,
908 1788 1019 1828 quam
1055 1776 1079 1814 si
1104 1774 1223 1828 ipfiim
1243 1774 1438 1814 obiee‘tum

148 1845 168 1872 a
201 1834 285 1874 luna
318 1834 423 1886 plena
456 1836 707 1876 illuminatum
740 1847 979 1887 cerneretur,
1013 1850 1191 1889 quoniam
1211 1835 1440 1876 illuminatio

148 1894 256 1935 lume
288 1897 339 1936 est
357 1898 401 1936 ad
422 1897 733 1939 illuminationem
767 1901 874 1951 solis,
907 1910 948 1939 vt
988 1912 1006 1936 1
1043 1899 1087 1939 ad
1109 1910 1300 1947 250000.
1322 1896 1438 1952 Quod

149 1953 174 1997 fi
209 1970 302 1997 vero
331 1959 405 1998 hoc
438 1960 563 2000 lumen
598 1963 710 2002 nimis
746 1963 868 2002 debile
906 1963 1104 2012 videatur,
1142 1963 1204 2002 vel
1235 1961 1326 2001 lenti
1359 1973 1438 2000 ma-

150 2020 208 2059 ior
239 2031 408 2072 apertura
455 2024 564 2063 tribui
614 2035 652 2064 et
683 2026 758 2064 eius
806 2024 1075 2065 semidiameter
1104 2025 1128 2065 b
1158 2025 1203 2064 ad
1242 2030 1282 2071 1}
1314 2022 1440 2075 augeri

151 2084 291 2135 poterit
311 2116 320 2133 ,
356 2086 453 2124 vnde
483 2085 610 2127 lumen
649 2088 822 2140 imaginis
851 2088 968 2140 duplo
999 2087 1108 2127 fieret
1158 2087 1289 2127 maius.
1356 2086 1437 2126 Ve-

151 2157 234 2185 rum
269 2146 293 2186 si
323 2148 441 2188 maius
460 2148 582 2189 lumen
603 2151 822 2191 desideretur
841 2183 850 2200 ,
887 2153 1012 2203 potius
1043 2151 1270 2202 conueniet,
1303 2150 1440 2202 imagi-

703 2214 743 2254 A
777 2226 797 2253 a
828 2226 848 2253 a
882 2225 904 2250 2
1347 2224 1435 2252 nem
