2052 2668
1129 165 1161 224 l(
1199 181 1256 219 24
1288 165 1316 224 l(

558 293 632 338 qus
658 278 723 338 *cst*
757 280 1050 335 accommodata
1070 313 1081 332 ,
1124 282 1237 322 altera
1281 294 1375 322 vero
1406 282 1445 322 iu
1485 281 1680 324 resistentia
1722 283 1869 334 medii,

555 335 606 402 :jn
641 349 717 402 qu'o
752 345 1003 388 oscillatioucs
1032 344 1284 386 abloluuutur.
1351 346 1459 386 Hauc
1493 346 1741 399 posteriorem
1783 361 1870 389 cau-

563 409 638 462 lam
676 410 829 451 Auo-or
863 411 922 450 liic
958 412 1102 463 penitus
1135 408 1386 461 seponendum
1416 409 1633 461 arbitratur,
1664 425 1748 454 cum
1768 411 1870 466 quod

567 476 801 527 perturbatio
837 475 922 512 inde
955 472 1112 512 oriunda
1144 472 1196 510 est
1230 473 1424 525 minima,
1477 484 1557 513 tum
1589 485 1682 513 vero
1731 474 1872 529 impri-

565 538 637 577 mis
667 539 767 589 quod
801 536 880 590 ipse
912 537 988 576 iam
1024 537 1172 589 primus
1202 547 1333 576 veram
1365 548 1533 587 curnam,
1560 539 1710 590 quaein
1752 538 1872 578 fluido

567 599 937 640 tautoclirouismum
971 600 1113 653 giguit,
1149 600 1323 652 inuenit,
1371 611 1410 640 et
1442 600 1642 654 quomodo
1659 601 1703 641 ad
1739 602 1872 654 praxin

566 664 610 703 sit
641 664 967 704 accommodanda
1001 663 1176 704 ostendit.
1250 662 1295 703 In
1337 665 1406 705 hac
1458 665 1572 717 igitur
1603 663 1873 706 ’dissertatione

565 737 720 767 motum
753 727 920 780 penduli,
951 727 1048 781 quasi
1068 729 1105 768 iu
1126 738 1245 767 vacuo
1266 728 1385 781 fierit,
1404 729 1687 782 contemplatur
1703 761 1713 781 ‚
1744 738 1783 768 et
1800 739 1876 783 quo

566 790 682 845 pasto
714 791 743 830 is
776 791 1045 832 tautocliromis
1078 791 1181 832 reddi
1215 804 1357 845 queat,
1409 793 1608 832 accuratius
1658 793 1873 846 perpendit.

554 856 629 901 ,Ac
665 855 796 908 primo
827 856 981 908 quidem
1003 854 1168 907 constat,
1187 856 1349 908 pendula
1380 856 1425 896 ad
1459 856 1535 896 duo
1576 868 1711 909 genera
1731 888 1743 906 ,
1784 857 1877 897 sim-

567 916 677 970 plicia
712 928 748 958 et
783 920 996 972 composita
1018 950 1028 968 ‚
1063 919 1230 959 reuocari
1271 919 1399 960 tolete.
1468 919 1676 958 Peudulum
1710 917 1875 973 simplex

566 991 724 1023 vocatur
753 982 821 1034 id,
855 983 957 1023 cuius
990 983 1224 1038 t(›ta,5)noles
1262 984 1300 1024 in
1346 984 1456 1023 vnico
1499 982 1596 1034 quasi
1639 983 1783 1035 puncto
1824 982 1877 1024 est

574 1043 737 1086 collecta
757 1078 768 1096 ,
803 1046 912 1099 quale
945 1047 1100 1100 quidem
1153 1046 1302 1086 nullum
1337 1046 1437 1086 effici
1486 1045 1639 1098 potest,
1689 1046 1876 1099 proxime

565 1118 691 1149 autem
728 1108 942 1149 huiusmodi
983 1109 1190 1164 pendulum
1243 1110 1463 1161 obtinetur,
1518 1109 1543 1149 si
1583 1122 1719 1163 corpus
1760 1110 1874 1150 mini-

565 1184 676 1213 mum
712 1183 750 1213 ct
779 1173 1035 1227 gmuissimum
1070 1175 1115 1215 de
1148 1173 1214 1213 filo
1248 1173 1464 1214 tenuissimo
1496 1172 1729 1225 suspendatur
1751 1187 1762 1226 ¹,
1787 1185 1876 1214 cum

568 1237 673 1276 enim
719 1238 839 1278 moles
883 1237 937 1278 fili
969 1250 1043 1290 pro
1094 1236 1214 1277 nihilo
1265 1238 1428 1289 reputari
1478 1235 1588 1288 poffit
1606 1267 1618 1286 ,
1669 1248 1878 1290 corpusque

570 1299 765 1352 alligatum
800 1299 846 1340 sit
877 1301 1082 1340 minimum
1102 1331 1112 1351 ,
1146 1309 1224 1339 tota
1259 1299 1383 1339 moles
1413 1297 1513 1351 quasi
1544 1298 1582 1337 iu
1617 1298 1763 1352 puncto
1796 1300 1879 1340 col-

567 1360 667 1403 lecta
702 1363 778 1402 sine
812 1362 966 1402 tensibili
999 1374 1126 1401 errore
1161 1362 1313 1415 concipi
1349 1361 1487 1415 potest.
1551 1361 1645 1402 Tale
1669 1362 1876 1416 pendulum

567 1424 816 1466 oscillationes
856 1437 988 1465 omnes
1035 1425 1246 1478 aequalibus
1296 1425 1529 1478 temporibus
1569 1425 1755 1466 absoluere
1786 1439 1875 1467 acu-

568 1488 723 1529 tissimus
784 1489 973 1542 Hngem'us
1026 1490 1169 1542 primus
1214 1490 1383 1538 inuenit,
1437 1489 1462 1529 si
1504 1491 1555 1530 ita
1615 1489 1877 1544 suspendatur,

569 1563 613 1593 vt
646 1565 782 1605 corpus
816 1564 970 1593 motum
1005 1552 1108 1593 stium
1144 1554 1180 1592 in
1212 1554 1385 1606 cycloidc
1416 1553 1630 1608 conficiat,
1673 1567 1783 1608 quem
1836 1555 1875 1594 in

569 1615 688 1657 finem
722 1615 828 1656 filum
866 1618 960 1657 intra
993 1617 1080 1658 duas
1115 1616 1249 1658 similes
1282 1617 1473 1669 cycloides
1515 1616 1678 1671 suspendi
1728 1630 1878 1671 oppor-

565 1690 645 1721 tere
678 1682 868 1734 ostendit,
913 1693 1048 1721 verum
1085 1680 1146 1721 hic
1189 1681 1311 1734 probe
1343 1682 1395 1722 est
1430 1681 1636 1722 notandum
1659 1714 1668 1732 ,
1704 1681 1795 1721 istud
1816 1694 1879 1721 re-

567 1745 738 1786 medium
773 1755 917 1785 tantum
951 1745 996 1784 ad
1037 1745 1195 1798 pendula
1249 1745 1429 1799 simplicia
1479 1742 1555 1785 effe
1603 1746 1878 1785 accommoda-

567 1817 666 1850 tum.
733 1808 895 1850 Pendula
929 1820 1055 1850 autem
1087 1809 1300 1862 composita
1338 1819 1548 1857 vocantur,
1587 1821 1750 1862 quorum
1786 1819 1876 1849 mo-

567 1871 620 1913 les
653 1885 729 1914 non
763 1873 802 1914 iu
835 1872 978 1926 punito
1011 1872 1170 1913 collecta
1191 1905 1202 1924 ,
1233 1873 1291 1913 sed
1325 1885 1392 1926 per
1421 1872 1570 1926 aliquod
1605 1872 1787 1912 volumen
1806 1883 1871 1911 cx-

569 1935 680 1987 pausa
710 1936 792 1987 est,
826 1937 872 1978 ad
907 1937 1006 1990 quod
1041 1936 1194 1989 quidem
1229 1948 1345 1990 genus
1377 1937 1506 1977 omnia
1547 1934 1708 1985 pendula
1763 1935 1874 1976 realia

565 1998 643 2038 suut
675 2001 892 2051 referenda,
925 2012 1012 2040 cum
1049 2000 1160 2040 massa
1195 2001 1384 2040 mouenda
1445 1997 1595 2050 lempcr
1643 2008 1710 2051 per
1760 1997 1873 2040 filum

566 2061 626 2102 seu
660 2063 805 2115 virgam
825 2095 836 2114 ,
870 2076 942 2115 qua
975 2063 1228 2117 suspenditur,
1263 2073 1303 2102 ct
1343 2073 1482 2114 eorpus
1521 2061 1579 2101 {eu
1620 2061 1764 2102 lentem
1804 2074 1874 2115 ap-

569 2125 723 2181 peufiun
773 2127 818 2169 fit
857 2126 1059 2170 distributa.
1157 2128 1287 2181 Atque
1329 2125 1436 2168 idem
1482 2125 1648 2182 quidem.
1684 2125 1874 2178 Hzgenim

1042 2199 1044 2201 ’
1761 2201 1872 2243 regu-
