2052 2668
727 161 884 222 )(9)(

172 294 263 339 quae
290 292 423 322 omnes
453 291 520 333 per
569 277 702 318 eadem
754 277 891 326 puncta
927 271 1122 316 transeant.
1183 269 1306 313 Simili
1343 272 1466 311 modo

174 343 503 402 quamuis-infiniti
536 340 690 381 termini
723 337 826 379 seriei
860 340 928 379 sint
960 338 1066 387 dati,
1098 335 1186 376 inde
1216 346 1344 376 tamen
1395 334 1467 386 ipffi

172 408 280 453 series
310 419 385 447 non
417 405 711 452 determinatur,
747 414 864 456 neque
897 413 984 441 vern
1015 401 1091 439 eius
1130 408 1255 439 natura
1294 396 1471 449 intelligi·

173 480 234 511 tur
254 483 266 523 3
301 479 383 509 tum
418 477 539 509 autem
565 466 720 506 demum
741 477 912 505 naturam
932 463 1030 504 seriei
1050 461 1302 514 cognoscimus
1322 492 1332 510 ‚
1351 471 1468 512 quan-

174 533 228 573 do
258 544 338 572 non
369 530 484 571 solum
528 540 666 568 omnes
716 529 897 568 terminos
914 558 925 576 ,
977 527 1039 578 qui
1087 524 1269 564 indicibus
1317 522 1469 575 iute'gris

176 594 434 642 conueniunt,
468 590 526 631 sed
558 591 676 631 etiam
707 602 771 630 eos
789 622 801 641 ‚
834 589 896 642 qui
930 587 1110 628 indicibus
1149 587 1272 626 fractis
1320 586 1469 638 quibus-

175 668 318 709 cunque
339 650 572 707 ‘respondent
604 652 778 706 assignare
809 652 989 692 valemus.
1053 648 1192 689 Talem
1226 658 1350 688 autem
1390 659 1470 699 per-

175 719 309 759 senam
341 718 600 770 coguitionem
630 716 799 756 continet
829 716 1007 755 terminus
1045 712 1175 761 seriei,
1227 712 1291 765 qui
1342 708 1470 749 vocari

177 782 271 822 solet
304 780 480 833 generalis
498 812 510 831 ,
539 780 682 832 quippe
712 790 787 832 quo
818 775 1042 832 generaliter
1082 775 1290 827 designatur
1338 773 1473 813 teuni-

177 857 245 884 nus
275 845 476 897 cuicunque
507 843 619 883 indici
653 840 853 882 indefinito
885 839 1139 893 respondens3
1174 839 1225 878 ita
1262 845 1306 876 vt
1336 835 1472 888 cogni-

177 915 220 946 to
251 907 403 946 demum
437 906 605 946 termino
636 904 801 957 genemli
834 902 910 957 ipsa
942 902 1047 942 seriei
1078 910 1205 941 natura
1250 899 1357 939 nobis
1394 897 1474 951 ple-

176 980 224 1009 ne
256 967 448 1022 perspecta
479 965 556 1007 effe
588 967 630 1007 sit
662 965 852 1006 censenda.
915 965 1084 1017 Plerique
1115 964 1178 1003 alii
1212 963 1347 1013 modi,
1386 960 1470 1013 qui-

176 1031 244 1071 bus
273 1029 390 1082 vulgo
423 1028 526 1070 seties
554 1028 706 1069 describi
742 1028 861 1068 solent
878 1059 888 1079 ,
909 1028 1046 1068 eodem
1080 1026 1248 1067 laborant
1291 1023 1434 1065 defieetu
1457 1054 1470 1074 ,

177 1103 223 1134 vt
257 1093 298 1133 iis
327 1092 434 1132 series
467 1105 546 1133 non
577 1091 744 1145 perfeete
775 1090 1100 1143 determinenturz,
1152 1089 1266 1129 veluti
1307 1088 1334 1128 fi
1368 1086 1472 1127 series

177 1168 423 1198 numerorum
458 1157 508 1196 ita
540 1154 736 1197 definiatur
754 1187 764 1207 ‚
796 1163 839 1194 vt
871 1153 1014 1207 primus
1047 1153 1123 1192 eius
1158 1151 1336 1192 terminus
1383 1149 1472 1188 vni-

181 1227 266 1268 tas‚
306 1219 457 1271 quilibet
487 1231 581 1259 vero
612 1219 837 1271 sequentium
872 1216 1160 1270 praecedentem
1194 1215 1335 1253 vnitate
1366 1211 1473 1265 supe—

184 1291 265 1319 rare
297 1280 443 1319 dicatur
461 1311 472 1331 ,
508 1280 587 1331 quis
618 1291 695 1318 non
725 1281 918 1326 crederet,
958 1278 1092 1317 seriem
1126 1288 1373 1317 numerorum
1406 1287 1472 1314 na-

183 1339 357 1380 turalium
392 1340 467 1379 hoc
499 1339 621 1378 modo
652 1339 820 1390 perfecte
852 1339 1124 1386 determinari,
1154 1339 1229 1386 rita,
1263 1348 1305 1377 vt
1337 1338 1472 1377 termi—

182 1414 249 1443 nus
266 1402 416 1455 quisque
438 1402 476 1441 in
496 1412 633 1454 genere
668 1400 783 1440 indici
813 1400 877 1440 suo
910 1400 1067 1453 aequalis
1098 1398 1199 1438 statui
1232 1395 1373 1450 queat?
1402 1395 1474 1437 Seu

181 1474 224 1504 vt
255 1465 434 1504 terminus
465 1464 578 1504 indici
609 1462 803 1503 indefinito
835 1475 863 1504 x·
893 1462 1120 1515 respondens
1140 1493 1151 1512 ‚
1183 1460 1257 1514 ipse
1289 1460 1333 1501 fit
1357 1473 1411 1499 z
1431 1471 1472 1500 x.

182 1526 320 1568 Nihilo
352 1538 444 1566 vero
478 1527 602 1568 minus
632 1527 677 1566 ab
708 1526 874 1567 Audiore
907 1523 1192 1565 innumerabiles
1222 1524 1313 1564 aliae
1328 1523 1476 1564 formae

181 1590 330 1630 tennini
349 1589 528 1643 generalis*
547 1589 778 1643 proseruntur
798 1622 808 1641 ,
841 1589 903 1642 qui
919 1600 1055 1628 omnes
1087 1587 1314 1641 praescriptis
1343 1586 1475 1627 condi·

183 1653 344 1692 tionibus
375 1664 486 1705 aeque
519 1652 745 1693 stitisfiiciant.
810 1651 958 1692 Omnes
989 1651 1129 1691 scilicet
1174 1650 1246 1690 hae
1292 1649 1396 1690 series
1437 1652 1475 1689 in

186 1713 260 1755 hoc
292 1717 525 1756 conueniunt
544 1748 556 1767 ,
587 1724 630 1755 vt
661 1717 801 1769 primus
833 1716 1010 1754 terminus
1041 1713 1083 1754 fit
1120 1726 1133 1753 ι
1159 1746 1170 1765 ,
1204 1712 1381 1754 secundus
1415 1725 1438 1751 2
1460 1744 1474 1764 ,

186 1779 313 1817 tertius
347 1791 369 1827 3
394 1810 405 1828 ,
437 1789 583 1832 quartus
614 1793 644 1829 4
664 1810 674 1829 ,
709 1789 746 1818 et
780 1779 829 1817 ita
862 1790 975 1831 porro
992 1809 1002 1827 ‚
1034 1777 1073 1816 in
1106 1788 1244 1830 genere
1270 1786 1314 1817 vt
1331 1776 1474 1830 quoties

187 1839 297 1878 index
330 1851 358 1878 x
386 1839 494 1880 fuerit
526 1854 702 1881 numerus
733 1843 873 1893 integer
894 1871 905 1889 ‚
939 1841 1117 1879 terminus
1149 1840 1371 1893 respondens
1407 1837 1474 1890 ipfi

185 1900 229 1940 fit
247 1901 408 1952 aequalis
429 1917 436 1941 :
462 1903 498 1941 in
517 1915 566 1942 eo
597 1913 723 1942 autem
744 1902 1004 1955 discrepabunt
1023 1933 1034 1952 ‚
1068 1902 1167 1954 quod
1190 1902 1369 1955 ponendis
1395 1912 1470 1954 pro

186 1974 216 2003 x
248 1964 412 2002 numeris
441 1963 561 2004 fractis
579 1996 589 2015 ‚
620 1965 770 2004 termini
805 1964 1065 2018 respondentes
1095 1966 1191 2005 inter
1217 1965 1248 2005 se
1266 1965 1471 2005 diffideant.

187 2026 339 2066 Auctor
357 2038 472 2078 porro
489 2028 652 2067 obstruat
682 2029 845 2068 eundem
878 2030 1194 2068 determinationis
1210 2028 1395 2068 defectum
1415 2027 1472 2065 lo-

186 2100 272 2129 cum
303 2087 438 2129 habere
455 2122 468 2141 ,
500 2091 646 2145 quoties
678 2090 831 2144 quilibet
861 2089 961 2131 seriei
994 2093 1176 2132 terminus
1204 2103 1283 2133 non
1315 2103 1383 2147 per
1416 2089 1474 2127 in-

800 2152 826 2194 b
1349 2153 1472 2194 dicem
