2052 2668
1128 165 1160 224 )(
1194 179 1249 208 22
1284 165 1317 224 )(

558 280 590 325 ri
619 291 698 322 non
733 280 886 336 potest:
918 279 978 322 sed
1009 280 1206 323 manifesto
1258 280 1443 336 principia
1476 288 1515 323 et
1545 280 1647 338 leges
1681 290 1809 324 motus
1833 282 1874 324 in

557 346 754 388 subsidium
791 347 918 386 vocari
952 348 1120 398 debent,
1171 346 1247 388 sine
1280 346 1411 399 quibus
1453 346 1547 386 nihil
1600 349 1694 388 certi
1727 347 1766 388 in
1801 347 1877 388 hoc

560 410 722 464 negotio
751 409 908 450 definire
942 410 1040 451 licet.
1109 411 1288 452 Maxime
1319 420 1446 450 autem
1489 412 1674 465 principia
1726 412 1877 465 aequili-

563 473 635 514 brii
668 484 706 514 et
742 485 898 524 motus,
933 474 1075 514 etiamsi
1114 474 1234 527 vulgo
1286 485 1482 527 perperam
1538 477 1633 515 inter
1665 474 1700 514 se
1735 475 1878 516 misceri

560 536 639 578 sunt
672 538 774 577 solita
795 569 806 590 ,
837 549 857 577 a
887 536 921 576 se
956 538 1115 578 inuicem
1149 538 1355 590 discrepent
1375 567 1386 586 ‚
1419 538 1495 578 iam
1532 537 1695 592 Magnus
1720 538 1879 592 agnouit

559 600 776 642 Leibnizius
796 631 808 650 ‚
843 601 936 641 dum
970 601 1034 641 illa
1068 602 1272 642 neceffario
1305 613 1392 641 vera
1444 599 1537 644 haec
1583 614 1678 643 vero
1728 612 1878 642 tantum

559 667 821 718 contingentes
852 677 938 705 vem
969 666 1039 706 effe
1087 666 1363 720 pronunciauit.
1445 662 1519 707 Cui
1566 667 1682 708 effluo
1732 663 1879 706 tametfi
1922 686 1924 688 v

561 730 772 782 grauissima
804 739 1026 782 argumenta
1061 729 1291 770 adueriiintur
1311 761 1322 781 ,
1356 738 1481 770 tamen
1508 739 1655 771 certum
1675 729 1729 770 est
1748 730 1882 783 ingens

559 793 661 833 inter
690 792 780 834 haee
813 793 975 846 duplicia
1010 794 1197 848 principia
1229 793 1428 834 discrimen
1468 793 1695 836 interemere
1714 826 1726 845 ,
1775 792 1880 847 quod

560 857 625 896 vel
661 857 747 897 inde
782 858 1019 911 perspicuum
1052 858 1104 898 est
1124 891 1134 909 ,
1167 858 1266 912 quod
1305 857 1492 910 principia
1529 857 1739 911 aequilibrii
1784 867 1883 896 nun·

560 932 674 973 quam
726 919 799 961 fere
842 932 920 960 non
951 921 1084 962 fuerint
1117 921 1270 974 cognita
1291 951 1302 971 ,
1332 926 1450 972 neque
1482 920 1531 960 de
1564 921 1608 961 iis
1640 932 1804 974 vnquam
1837 918 1883 960 sit

561 983 836 1036 disceptatum,
872 995 960 1024 cum
997 994 1129 1024 contra
1165 994 1295 1024 motus
1325 983 1509 1036 principia
1552 994 1637 1024 ante
1669 982 1881 1025 Galilaeum

561 1047 710 1101 penitus
744 1048 814 1089 sint
846 1048 1045 1101 ignorata,
1081 1058 1290 1101 eorumque
1308 1046 1477 1086 distinet-„1
1495 1047 1690 1101 expositio
1717 1049 1881 1090 demum

563 1112 729 1154 Neutono
763 1113 914 1152 summo
954 1111 1192 1165 potissimum
1225 1120 1378 1164 accepta
1411 1110 1454 1150 sit
1487 1111 1693 1152 referenda.

682 1172 783 1216 Cum
820 1176 931 1228 igitur
970 1176 1066 1215 nullu
1103 1175 1286 1216 Machina
1320 1187 1395 1215 non
1427 1176 1474 1215 ad
1506 1186 1660 1216 motum
1696 1175 1739 1217 sit
1771 1172 1883 1215 desti-

563 1247 649 1279 nata
669 1267 679 1282 ‚
713 1237 955 1279 minifestum
986 1239 1036 1278 est
1066 1240 1244 1279 efflictum
1278 1238 1355 1279 fine
1392 1239 1588 1291 principiis
1623 1249 1752 1278 motus
1775 1237 1886 1291 aceti-

564 1311 642 1342 rate
675 1301 820 1342 definiri
855 1315 933 1341 non
970 1301 1075 1355 posse
1099 1316 1110 1353 ·‚
1145 1301 1285 1342 horum
1306 1310 1433 1340 autem
1454 1301 1731 1352 principiorum
1760 1301 1887 1354 appli-

563 1365 666 1404 catio
700 1365 774 1404 siue
808 1363 963 1413 Analysi
1000 1364 1203 1403 sublimiori
1241 1362 1378 1402 institui
1411 1373 1489 1402 non
1525 1362 1661 1416 potest.
1726 1361 1884 1405 Doc‘tri-

566 1439 657 1467 nam
691 1439 785 1480 ergo
820 1427 1013 1479 vulgarem
1043 1430 1091 1466 de
1127 1425 1349 1477 Machinis,
1402 1426 1504 1466 cuius
1544 1425 1788 1480 imperfcc'tio
1820 1427 1884 1467 de-

566 1489 681 1531 feetui
717 1490 995 1544 principiorum
1042 1501 1170 1531 motus·
1204 1500 1314 1543 atque
1350 1488 1521 1540 AnaIysis
1569 1489 1792 1531 sublimioris
1831 1490 1886 1533 est

567 1555 761 1595 tribuenda
783 1587 793 1605 ‚
829 1554 980 1595 Auctor
1011 1555 1047 1594 in
1082 1554 1150 1594 hac
1185 1553 1453 1594 Diis-statione
1475 1552 1655 1606 perficere
1674 1554 1852 1595 annititur
1873 1568 1886 1609 ·,

567 1619 776 1659 cuiusmodi
830 1618 1015 1672 peucetio
1063 1630 1149 1659 cum
1201 1618 1328 1658 frustra
1379 1618 1412 1657 in
1450 1617 1612 1658 Mauicfi
1664 1617 1888 1659 eiemcntari

568 1693 792 1735 quaeratur,
827 1682 999 1736 quorum
1035 1681 1260 1736 vulgohaec
1288 1681 1460 1722 doctrina
1506 1681 1631 1722 referri
1667 1682 1717 1722 cst
1754 1681 1886 1733 (blita,

569 1746 757 1787 neceiiitas
791 1745 1004 1787 matheseos
1038 1747 1263 1786 {ublimioris
1294 1745 1381 1785 hinc
1417 1747 1586 1786 maxime
1617 1745 1659 1785 fit
1679 1745 1887 1799 perspicua.

571 1809 741 1851 Tantum
775 1822 868 1864 ergo
900 1810 1000 1851 abest
1022 1842 1033 1861 ,
1069 1819 1112 1850 vt
1146 1809 1239 1850 haec
1292 1809 1441 1850 scientia
1495 1812 1611 1863 magis
1660 1810 1701 1849 sit
1754 1808 1890 1849 tubulis

572 1885 684 1926 quam
724 1874 854 1925 vtilis,
889 1875 987 1925 quud
1021 1875 1277 1914 communiter
1296 1873 1408 1914 obiici
1443 1872 1562 1925 solet,
1601 1883 1646 1913 vt
1688 1884 1731 1911 eu
1766 1873 1890 1923 potius

573 1936 612 1975 in
646 1939 817 1978 maxime
854 1938 1092 1990 popularibus
1126 1938 1468 1991 imiestigationibus
1501 1937 1606 1976 nullo
1639 1935 1759 1975 modo
1785 1946 1888 1975 cure-

574 2012 614 2039 re
648 2014 841 2052 queamus.
911 2001 1107 2053 Exemplo
1128 2033 1138 2049 ,
1171 2003 1271 2055 quod
1307 2000 1459 2042 Auctor
1489 1998 1622 2049 affert,
1656 1998 1729 2039 hoc
1770 1999 1890 2052 magis

576 2063 810 2105 illustrabitur
831 2098 840 2115 ,
872 2063 995 2104 casum
1033 2066 1262 2118 perpendit,
1294 2076 1372 2117 quo
1406 2075 1500 2102 (inus
1544 2075 1659 2101 1000
1710 2063 1888 2103 librarum

578 2140 654 2182 ope
688 2129 863 2182 ponderis
902 2141 985 2169 100
1023 2129 1199 2169 librarum
1232 2128 1366 2168 eleuari
1400 2127 1541 2178 debet,
1573 2128 1618 2168 ad
1651 2126 1754 2180 quod
1804 2127 1890 2178 qui-

1796 2189 1883 2229 dem
