2052 2668
605 235 697 284 384
760 222 1229 276 ANNOTATIONES
1257 222 1432 275 CIRCA
1463 226 1811 274 CONSTRVCT.

602 345 819 399 requisitum
852 343 1001 386 Ildum.
1066 343 1284 398 Aequaliter
1310 345 1448 388 ‘deinde
1481 357 1550 399 per
1582 343 1768 384 ambitum
1803 343 1921 385 libra-

605 410 699 449 toris
731 408 922 449 distributa
957 408 1090 448 inertia
1122 419 1198 449 non
1231 410 1368 462 patitur
1387 439 1399 461 ‚
1438 419 1493 448 fvt
1524 409 1643 461 aliqua
1693 406 1915 448 acceleratio

600 471 840 512 oscillationis
870 483 919 512 ex
953 482 1062 512 motu
1095 483 1117 512 a
1153 484 1246 513 naue
1287 472 1469 527 impreffo
1517 474 1742 522 contingere
1791 470 1913 524 possit.

601 534 791 575 Ponamus
823 536 928 575 enirn
964 536 1183 575 libratorem
1216 549 1242 577 a
1274 549 1296 577 c
1327 535 1493 577 osculare
1525 547 1575 575 ex
1609 548 1634 574 a
1667 533 1788 573 versus
1816 533 1840 573 b
1874 543 1916 574 et

600 608 651 636 ex
683 610 704 638 c
739 597 862 639 versus
892 611 946 650 e;
983 610 1120 639 nauem
1154 611 1247 640 vero
1277 611 1332 640 ex
1362 599 1388 641 b
1419 598 1539 639 verliis
1572 611 1598 638 a
1619 629 1630 649 ‚
1675 598 1826 637 euidens
1861 595 1915 637 est

598 660 767 713 partibus
798 661 988 702 libratoris
1018 663 1117 702 circa
1150 661 1174 702 b
1207 673 1362 703 motum
1397 662 1572 715 imprimi
1590 659 1710 700 versus
1740 672 1768 700 a
1795 659 1917 700 adeo-

592 733 669 776 que
699 725 834 778 primo
872 725 1008 765 intuitu
1050 735 1236 779 apparet,
1277 725 1380 779 quali
1409 725 1499 765 inde
1545 724 1664 779 aliqua
1716 723 1921 764 retardatio

603 786 788 840 proficisci
817 787 966 829 debeat.
1033 787 1230 842 Quoniam
1263 801 1355 828 vcro
1388 788 1557 841 partibus
1582 789 1622 828 in
1651 801 1671 828 c
1711 787 1820 828 simul
1847 798 1916 840 per

597 851 782 892 eamdem
817 851 924 891 nauis
952 849 1225 891 oscillationem
1254 850 1385 889 sunilis
1418 859 1548 889 motus
1577 861 1629 889 ex
1658 863 1680 889 c
1710 850 1833 889 versus
1863 861 1886 890 e
1904 880 1920 899 ‚

598 913 718 965 priori
753 925 804 953 ex
834 913 858 952 b
889 914 929 952 in
961 924 988 951 a
1017 911 1222 951 contrarius
1241 943 1252 962 ,
1292 911 1526 964 imprimitur
1544 942 1556 963 ,
1601 909 1697 950 haec
1723 911 1917 965 impressio

589 973 752 1014 alteram
800 973 903 1014 tollit
923 1006 934 1026 ,
985 982 1027 1014 et
1074 973 1175 1014 nulla
1239 974 1351 1026 plane
1409 973 1498 1014 inde
1557 972 1796 1014 oscillationis
1848 986 1918 1015 va-

594 1036 707 1077 riatio
764 1037 827 1078 vel
865 1036 1029 1079 turbatio
1086 1038 1305 1090 contingere
1345 1037 1498 1091 potest..
1561 1037 1626 1077 Ad
1665 1046 1842 1090 quartum
1877 1047 1919 1079 et

595 1100 772 1153 quintum
806 1100 1018 1155 requisitum
1057 1100 1309 1141 obtinendum
1353 1101 1537 1154 integnim
1582 1099 1831 1153 horologium
1863 1101 1915 1141 ci·

597 1162 676 1203 stae
702 1164 850 1217 ligneae
881 1164 1019 1204 includi
1051 1164 1195 1216 poterit
1216 1196 1228 1216 ,
1278 1175 1371 1217 quae
1403 1164 1501 1203 circa
1531 1164 1672 1203 discum
1715 1162 1915 1203 horarium

598 1226 701 1266 vitro
732 1227 894 1268 cmffiori
935 1227 1082 1267 munita
1102 1258 1113 1278 ,
1163 1227 1382 1279 ceteroquin
1414 1224 1582 1279 Vndique
1612 1224 1736 1265 ferreis
1767 1225 1920 1268 stanno·

595 1301 668 1342 que
699 1290 873 1331 obductis
905 1287 1064 1330 lamellis
1092 1290 1210 1343 probe
1251 1288 1502 1330 serrumimtis
1541 1288 1675 1329 vestita
1717 1288 1760 1328 {it
1780 1322 1791 1340 ,
1831 1289 1881 1330 ita
1903 1320 1917 1341 ,

596 1361 642 1393 vt
672 1365 738 1394 aer
769 1365 820 1394 ex
852 1362 960 1408 parte
991 1364 1068 1407 ope
1120 1351 1257 1394 antliae
1290 1354 1504 1393 manuariae
1535 1353 1621 1392 inde
1640 1352 1789 1393 extrahi
1829 1353 1918 1406 pos·

598 1415 655 1457 sit.
724 1417 925 1460 Eiusmodi
956 1424 1164 1458 attenuatus
1190 1429 1251 1457 aer
1288 1429 1408 1470 neque
1447 1414 1670 1456 oscillationi
1708 1413 1918 1456 lenlibiliter

597 1479 726 1521 resistit
744 1512 756 1532 ,
788 1493 908 1533 neque
939 1479 1183 1521 humiditates
1214 1479 1316 1519 fouet
1339 1510 1350 1530 ,
1383 1491 1503 1532 neque
1520 1476 1816 1532 inspiffittionem
1837 1480 1914 1519 olci

593 1553 664 1594 per
701 1543 1013 1596 euaporationem
1055 1543 1166 1596 partis
1203 1542 1363 1595 aquosae
1407 1542 1591 1582 admittit.
1677 1541 1911 1594 Requifttum

591 1603 745 1644 sextum
775 1605 917 1658 duplici
949 1605 1071 1644 modo
1102 1605 1240 1657 poterit
1271 1605 1450 1645 obtineri.
1525 1607 1606 1645 Aut
1644 1605 1752 1644 enim
1792 1605 1916 1658 potest

596 1666 845 1721 horologium
878 1679 944 1720 per
985 1667 1134 1707 subsidia
1172 1669 1254 1707 satis
1289 1669 1441 1720 cognita
1489 1668 1529 1707 in
1567 1679 1648 1708 vno
1698 1669 1912 1722 eodemque

593 1730 730 1770 caloris
760 1731 877 1784 gradu
908 1729 1055 1783 semper
1082 1729 1323 1783 conseruari;
1354 1739 1415 1769 aut
1436 1761 1447 1780 ,
1478 1730 1503 1769 si
1533 1729 1610 1769 hoc
1641 1731 1755 1770 nimis
1770 1732 1914 1771 taedio—

595 1790 678 1834 sum
710 1794 879 1834 videamr
899 1823 912 1843 ,
947 1805 1015 1846 per
1046 1791 1321 1833 obseruationes
1350 1792 1388 1832 in
1419 1791 1645 1833 antecessum
1687 1792 1915 1834 determina-

595 1856 662 1908 ri,
693 1856 733 1896 in
764 1866 945 1911 quantum
978 1855 1113 1910 spiralis
1141 1857 1323 1897 libratoris
1351 1855 1574 1897 intendenda
1605 1855 1666 1895 vel
1715 1857 1913 1900 remitten—
1943 1859 1946 1863 ’

595 1921 643 1959 da
686 1919 729 1960 lit
749 1953 759 1971 ‚
797 1931 841 1961 vt
879 1921 941 1960 sub
979 1919 1124 1960 diuerso
1153 1919 1287 1960 caloris
1316 1921 1428 1973 gradu
1459 1918 1708 1959 oscilkitioncs
1747 1918 1822 1960 litas
1852 1932 1913 1960 m-

595 1982 683 2022 dcm
715 1985 900 2023 celeritate
931 1982 1108 2024 ablbluat.
1186 1983 1274 2023 Hoc
1303 1982 1461 2035 cognito
1494 1995 1563 2034 per
1592 1983 1721 2036 virgae
1752 1983 1911 2026 mctalli—

592 2057 658 2086 cae
688 2046 896 2099 adplicatae
927 2047 1227 2087 contractionem
1246 2057 1287 2086 et
1303 2046 1560 2085 dilatationem
1595 2046 1657 2086 ista
1691 2046 1848 2086 intenlio
1873 2057 1911 2088 et

598 2108 781 2149 relaxatio
829 2109 967 2162 spiralis
1013 2112 1243 2150 automatice
1292 2109 1431 2161 absque
1463 2109 1635 2149 concursu
1666 2107 1909 2149 obl'eruatoris

598 2172 724 2223 potest
753 2172 928 2214 obtineri.
996 2172 1061 2215 Ad
1090 2173 1266 2214 Vltimum
1299 2172 1459 2225 denique
1490 2172 1702 2225 requisitum
1734 2173 1910 2274 obrigen-

1837 2247 1903 2274 um

429 434 488 472 rig.
512 443 539 474 ς,
