2052 2668
427 1948 487 1986 rig.
508 1955 538 1986 3.

542 139 630 183 278
949 131 1031 172 DE
1064 127 1371 176 MACHINIS

543 258 594 300 pe
624 245 682 285 cui
717 253 799 286 tum
838 244 996 284 demum
1031 244 1190 297 aequalis
1229 243 1325 298 fiet,
1376 256 1467 284 cum
1518 252 1647 284 motus
1699 244 1853 287 euaserit

540 307 750 349 vnitbrmis.
819 307 997 348 Ceterum
1036 308 1072 346 in
1114 307 1250 348 viribus
1288 308 1511 350 animalium
1552 309 1683 348 inertia
1722 311 1856 363 proxi-

542 386 608 413 me
642 373 713 412 erit
747 372 905 425 ponderi
939 371 1114 411 animalis
1147 371 1337 425 aequalis,
1370 372 1396 412 fi
1429 372 1582 426 quidem
1617 384 1751 413 eorum
1794 383 1852 413 to-

537 446 580 477 ta
632 447 793 488 corpora
827 435 873 475 ad
907 447 1040 488 parem
1102 444 1255 476 motum
1287 435 1429 477 incitari
1481 436 1633 476 debent.
1717 436 1855 476 Parum

542 509 669 540 autem
703 498 849 540 interest
882 496 990 538 nosse
1010 531 1021 551 ‚
1051 508 1185 551 quanta
1217 498 1309 540 haec
1340 499 1471 540 inertia
1503 500 1639 540 cxaete
1674 500 1717 541 fit
1749 499 1855 540 aesti-

541 563 681 604 manda
704 596 715 615 ‚
732 575 820 603 cum
842 563 882 602 in
901 572 1009 603 motu
1029 561 1211 602 vniformi
1232 594 1243 614 ,
1269 564 1313 604 ad
1333 575 1445 617 quem
1472 562 1710 617 potiffimum
1743 563 1855 618 respi-

546 625 770 680 respicitur,
805 627 881 667 eius
913 627 1142 680 cognitxone
1167 637 1245 666 non
1277 627 1320 668 fit
1351 639 1459 681 opus.

693 689 727 739 §.
765 702 833 728 22.
881 688 923 730 Si
962 689 1060 729 funis
1103 688 1206 743 Fp,
1247 691 1348 732 cuius
1378 702 1455 744 ope
1496 703 1589 732 onus
1629 691 1679 747 Q
1703 704 1723 731 a
1754 691 1796 730 vi
1827 697 1858 744 p

542 753 801 807 protrahitur,
832 753 943 794 fuerit
962 762 1038 792 tam
1060 752 1193 806 longus
1212 786 1222 804 ,
1256 764 1298 793 vt
1330 755 1408 794 eius
1439 755 1594 794 inertiae
1625 766 1772 808 quoquc
1791 753 1859 794 ha-

540 817 663 858 benda
699 817 740 857 fit
772 817 901 868 ratio,
935 815 1056 855 tcnfio
1089 816 1127 854 iu
1167 815 1313 867 fingulis
1352 816 1431 853 eius
1472 816 1621 866 puncti}
1662 829 1738 856 non
1788 817 1860 856 erit

539 880 716 934 aequalis.
798 878 1024 919 Maximam
1083 876 1240 930 quidem
1294 876 1600 929 inaequalitatem
1671 879 1861 931 producet

537 942 749 986 incuruatio
778 940 871 982 fimis
903 953 924 980 a
957 940 1137 994 grauitate
1169 940 1355 991 oriunda,
1389 939 1447 979 sed
1481 941 1566 992 quia
1598 940 1692 982 haec
1711 942 1749 982 in
1775 940 1862 982 Sta-

539 1006 619 1049 ticis
652 1005 802 1046 definiri
836 1004 960 1056 solet,
994 1002 1055 1044 hic
1089 1013 1236 1043 tautum
1271 1003 1319 1043 ad
1353 1003 1657 1055 inaequalitatem
1677 1005 1723 1044 ab
1741 1005 1861 1045 aetio-

539 1081 590 1111 ne
623 1078 750 1108 ortam
783 1068 988 1108 attendam.
1054 1066 1294 1123 Inuestigabo
1324 1078 1416 1120 crgo
1453 1066 1664 1107 tenfionem
1700 1069 1738 1107 iu
1767 1079 1860 1120 qua-

540 1144 686 1186 cunque
721 1130 818 1172 funis
849 1130 1034 1189 particum
1067 1143 1142 1171 mn
1162 1163 1172 1182 ,
1205 1142 1319 1183 quam
1355 1141 1501 1184 ponam
1537 1137 1626 1171 :t
1645 1162 1656 1182 ,
1690 1130 1734 1170 fit
1767 1128 1863 1170 mafi-

545 1194 578 1235 fil
610 1194 798 1248 portionis
816 1194 1010 1235 anterioris
1027 1206 1050 1233 n
1064 1201 1092 1248 p
1113 1207 1166 1233 z
1186 1192 1233 1233 M
1254 1225 1265 1244 ,
1298 1201 1337 1231 et
1381 1192 1495 1232 masfa
1540 1193 1752 1247 posterioris
1777 1205 1814 1233 m
1832 1192 1863 1234 F

543 1271 601 1299 z
621 1257 664 1299 N
687 1272 698 1312 3
731 1271 889 1312 quarum
923 1257 985 1298 illa
1019 1257 1066 1297 ad
1099 1256 1298 1311 potentiae
1331 1256 1537 1310 inertiam,
1574 1256 1668 1298 haec
1697 1268 1792 1296 vero
1816 1256 1865 1298 ad

541 1334 638 1366 onus
670 1321 721 1384 Q
744 1320 873 1363 referri
907 1321 1072 1362 debebit.
1142 1318 1245 1362 Cum
1282 1320 1390 1373 igitur
1424 1290 1537 1361 masth²
1568 1320 1598 1360 P
1618 1327 1684 1367 -z-
1705 1319 1751 1362 M
1772 1331 1863 1372 pro-

543 1394 711 1434 trahatur
753 1406 773 1433 a
816 1392 855 1431 vi
891 1400 982 1447 p—
1008 1399 1057 1443 t,
1100 1393 1168 1434 erit
1207 1391 1345 1432 dv:
1368 1376 1526 1446 “ffisft
1571 1393 1685 1434 massa
1736 1400 1863 1435 autem

543 1463 671 1518 Q—i-
695 1462 735 1502 N
770 1473 791 1501 a
823 1461 861 1499 vi
895 1469 910 1500 t
929 1483 970 1489 —
988 1462 1051 1509 F,
1073 1462 1141 1501 erit
1161 1461 1301 1502 dv-
1250 1493 1300 1500 ,-
1324 1449 1452 1519 Ὴ-’ζζὶξζ
1471 1492 1483 1511 ,
1533 1470 1572 1500 ct
1629 1460 1862 1501 coniunctim

544 1533 576 1577 d
588 1545 691 1574 v—
636 1567 691 1573 —
710 1517 949 1589 Γ-,ὒ-(Πξψῑ
980 1532 1161 1572 existente
1194 1530 1239 1573 Μ
1261 1538 1326 1577 -ὶ-
1348 1533 1387 1574 Ν
1433 1530 1604 1585 pondere
1645 1532 1755 1570 totius
1806 1531 1861 1572 su-

546 1607 603 1645 nis
622 1604 750 1656 ,quod
771 1603 859 1642 fit
847 1616 900 1622 -“
861 1603 967 1642 ...L
1035 1603 1133 1643 Hinc
1178 1615 1271 1655 ergo
1303 1605 1375 1644 crit
1409 1588 1865 1660 χῖρ-ξ-(Ωέἒέρ-ιτ)

1773 1632 1833 1661 -4-1.

550 1660 922 1731 ΞΜΑ-Ρᾙὲῑζὶὶἕ
963 1674 1090 1725 Atque
1121 1673 1144 1712 fi
1162 1683 1292 1713 motus
1311 1674 1376 1712 fiat
1395 1672 1622 1721 vniformis,
1648 1672 1706 1711 scu
1727 1674 1843 1726 sz

551 1739 672 1780 tenfio
690 1741 816 1778 denuo
853 1736 918 1776 fiet
950 1743 1037 1776 t:
1059 1735 1087 1775 F
1109 1767 1121 1786 ,
1157 1736 1261 1774 vnde
1294 1735 1368 1776 hoc
1402 1733 1483 1775 casu
1515 1703 1652 1786 vbiqt’le
1693 1735 1764 1774 erit
1805 1747 1869 1776 ea-

550 1804 639 1844 dem
660 1835 670 1854 ,
706 1802 757 1842 sm
792 1811 922 1842 autem
954 1808 982 1855 p
1006 1803 1049 1852 >
1072 1799 1132 1851 F,
1166 1799 1284 1840 tenfio
1315 1798 1410 1840 funis
1442 1804 1505 1851 ap
1539 1797 1585 1837 ad
1619 1797 1650 1837 F
1689 1799 1866 1841 receden-

551 1869 605 1907 do
636 1865 820 1906 continuo
850 1863 1046 1906 decrescet.

703 1930 739 1976 §-
779 1941 853 1980 23.
889 1928 960 1969 His
991 1929 1038 1969 de
1079 1937 1189 1969 motu
1229 1927 1351 1967 oneris
1401 1926 1628 1966 horizontaii
1675 1925 1871 1981 expeditis

551 2003 739 2046 ponamus
773 2004 870 2032 onus
895 1992 949 2047 Q
972 1992 1200 2032 verticalitcr
1233 1990 1364 2031 sursum
1401 1990 1535 2029 estuari
1573 1989 1709 2030 debere
1729 2022 1739 2041 ,
1791 2000 1868 2044 ope

549 2056 645 2100 funis
681 2056 716 2098 E
737 2054 784 2097 M
806 2088 817 2108 ‚
851 2057 912 2110 qui
947 2055 1137 2101 trochleae
1170 2055 1208 2096 T
1227 2053 1594 2109 sstcitzumplicatus
1615 2084 1627 2107 ,
1654 2064 1695 2095 vt
1721 2055 1779 2094 vis
1797 2053 1869 2093 sol-

1785 2117 1862 2158 lici«
