2052 2668
542 154 631 206 270
963 147 1046 188 DE
1082 143 1143 190 M
1144 147 1379 194 Acfflms

537 256 720 312 pendebit
739 288 750 308 ,
785 258 886 299 cuius
919 259 1176 302 variabilitatis
1207 264 1303 304 ratio
1335 264 1493 318 proinde
1532 263 1571 303 iu
1607 264 1855 318 integratione

536 330 723 370 formulae
756 331 828 371 dv
849 344 902 370 :-
920 316 1044 393 (eff-{³
1073 333 1148 373 erit
1187 333 1352 377 habenda
1372 370 1383 388 ‚
1417 348 1620 392 antequam
1657 337 1732 390 ipoe
1768 350 1855 379 mo-

538 402 596 434 tus
624 392 774 435 definiri
807 405 932 447 queat.

654 457 689 504 §-
727 470 770 504 9.
805 457 996 498 ponamus
1011 471 1109 500 onus
1141 459 1192 516 Q
1216 460 1263 501 ab
1279 460 1437 504 homine
1457 465 1657 504 secundum
1675 464 1857 506 directio-

539 530 631 559 nem
663 519 947 562 horizontalem
981 522 1020 562 A
1041 521 1074 562 Β
1109 525 1379 577 progrediente
1409 528 1503 568 trahi
1524 561 1534 578 ,
1584 538 1624 567 et
1664 540 1752 568 cum
1785 528 1856 569 ho-

541 595 613 624 mo
647 583 828 624 omnibus
859 586 999 626 viribus
1029 586 1203 628 adhibitis
1235 599 1384 631 certum
1415 593 1609 632 celeritatis
1641 593 1800 644 gradum
1820 592 1860 632 in

540 647 927 700 mittendo-stipante
959 659 1120 704 nequeat
1140 683 1156 701 ,,
1185 653 1425 694 manifestum
1456 655 1512 695 est
1531 642 1564 706 ,’
1584 655 1611 695 si
1644 656 1741 695 hunc
1777 665 1862 707 gra-

545 709 637 751 dum
673 711 753 752 iam
785 712 975 765 attigerit,
1011 723 1094 754 tum
1129 714 1274 755 nullam
1304 719 1468 771 amplius
1502 718 1585 759 vim
1628 719 1674 759 ad
1716 727 1866 771 protra-

544 772 717 814 &ionem
738 776 862 815 oneris
879 777 1104 828 impendere
1135 780 1240 829 poffe
1260 810 1271 828 ,
1302 781 1362 818 sed
1395 792 1530 819 omnes
1545 811 1556 830 ,
1575 782 1706 832 quibus
1722 781 1866 834 pollet,

545 836 642 876 vires
673 836 721 876 ad
746 836 802 876 sui
836 839 947 890 ipsius
977 849 1130 877 motum
1163 840 1464 880 continuandum
1499 841 1666 881 confirmi
1686 873 1696 892 ,
1715 854 1769 880 ex
1787 846 1864 894 quo

543 899 696 939 euidens
728 898 780 938 est
800 931 812 950 ,
845 899 1051 940 hominem
1086 912 1136 940 eo
1169 903 1363 942 minorem
1397 904 1476 944 vim
1511 904 1550 943 in
1583 916 1677 944 onus
1705 915 1862 946 exerere

541 961 646 1014 poffe
667 988 679 1010 ‚
713 973 790 1014 quo
821 962 975 1002 celerius
1007 965 1088 1004 iam
1121 964 1200 1017 ipse
1233 957 1510 1018 progrediatur.
1552 967 1781 1022 Quanquam
1801 981 1861 1010 au·

541 1034 626 1065 tem
661 1023 760 1066 hauc
793 1026 1083 1067 diminutionem
1117 1038 1290 1068 accurate
1323 1028 1478 1069 definire
1512 1042 1590 1070 non
1619 1030 1759 1080 liceat,
1805 1040 1863 1073 ta·

543 1099 636 1130 men
669 1088 925 1129 coniectando
958 1089 1163 1131 formulam
1196 1103 1219 1131 a
1263 1104 1357 1131 vcro
1406 1105 1541 1146 parum
1590 1092 1863 1146 discrepantem

544 1150 818 1203 consequemur
837 1185 848 1203 ,
884 1153 910 1192 fi
944 1153 1088 1193 duobus
1118 1163 1263 1195 tantum
1299 1156 1438 1196 casibus
1469 1154 1742 1196 satisfaciamus.
1808 1155 1870 1197 Sit

545 1213 658 1266 igitur
681 1226 712 1266 g
744 1216 800 1255 vis
820 1216 993 1255 maxima
1014 1229 1156 1268 ,quam
1189 1217 1317 1258 homo
1351 1217 1538 1272 quiescens
1568 1219 1612 1258 ad
1647 1221 1865 1271 promotio·

547 1288 640 1317 nem
674 1279 799 1318 oneris
829 1278 1055 1332 impendere
1087 1280 1241 1323 valeat:
1274 1280 1304 1323 h
1336 1292 1465 1322 autem
1499 1282 1542 1323 sit
1572 1282 1726 1322 altitudo
1760 1283 1869 1324 debi-

549 1350 590 1380 ta
625 1339 837 1392 celeritati,
875 1355 947 1396 qua
966 1355 1055 1383 cum
1089 1343 1116 1384 fi
1148 1344 1275 1385 homo
1307 1345 1562 1398 progrediatur
1582 1377 1593 1395 ‚
1622 1345 1762 1386 nullam
1782 1358 1869 1386 am-

547 1404 647 1458 plius
678 1406 760 1444 vim
796 1417 951 1445 exerere
983 1416 1107 1458 queat.
1171 1407 1336 1448 Debebit
1369 1420 1462 1460 ergo
1490 1416 1548 1461 p,
1583 1419 1654 1459 qua
1674 1407 1791 1450 littera
1810 1409 1868 1449 vis

549 1464 719 1506 hominis
751 1468 980 1519 exprimitur
999 1500 1009 1517 ‚
1039 1469 1130 1508 dum
1164 1471 1239 1509 iam
1274 1471 1460 1510 celeritate
1491 1469 1673 1509 altitudini
1706 1482 1735 1510 v
1765 1472 1867 1512 debi-

550 1537 588 1569 ta
624 1529 858 1582 progreditur
878 1561 888 1580 ,
921 1530 1104 1570 ciu=modi
1142 1533 1212 1572 else
1253 1532 1400 1573 funcuo
1434 1532 1542 1586 ipsius
1573 1545 1630 1584 v,
1668 1543 1711 1573 vt
1741 1535 1866 1587 posito

549 1604 649 1633 v:
671 1604 697 1630 0
733 1590 800 1632 fiat
827 1601 855 1646 p
875 1606 1004 1646 :g3
1059 1595 1111 1635 siu
1147 1607 1274 1636 autem
1326 1607 1482 1648 ponatur
1514 1609 1542 1637 v
1561 1609 1613 1635 z
1634 1596 1662 1639 l>
1681 1630 1693 1649 ,
1747 1608 1788 1637 vt
1822 1598 1866 1639 sit

543 1663 573 1710 p
610 1669 667 1694 z
705 1667 731 1692 0
764 1668 776 1706 3
844 1656 902 1695 his
943 1666 1068 1697 autem
1133 1659 1411 1699 conditionibus
1476 1658 1641 1698 satisfacit
1706 1659 1869 1701 formula

548 1720 829 1782 ng—ff-

669 1804 700 1852 §.
743 1812 812 1838 10.
844 1798 1115 1844 Substituamus
1146 1813 1240 1854 ergo
1271 1798 1368 1842 hauc
1406 1800 1606 1842 formulam
1633 1807 1800 1856 ng—
1819 1795 1870 1856 ‘ff

554 1878 593 1914 iu
631 1874 852 1927 aequatione
903 1875 1138 1917 differenti-ali
1189 1875 1218 1916 d
1238 1889 1265 1916 v
1284 1889 1338 1915 Ξ
1358 1862 1526 1930 (Ηῗξῖτ,
1577 1877 1872 1932 habebimusque

646 1960 696 1964 —
720 1931 896 1968 b‘PssQi-‘stL
1415 1933 1432 1958 b
1717 1934 1839 1968 '’sp—F)

602 1959 625 1986 z
647 1979 694 1985 --
719 1965 898 2007 SIT-TUM
920 1962 930 2001 3
965 1959 1003 1988 ct
1041 1949 1264 2002 integrando
1295 1962 1321 1989 z
1342 1960 1394 1987 :t
1416 1964 1444 2008 g-
1465 1946 1641 2007 (P-*i-Q)
1659 1950 1870 2014 ΙΗΞῖῆςε-υ.

558 2008 795 2062 Perspicuum
830 2021 953 2050 autem
989 2013 1040 2052 est
1077 2022 1228 2052 motum
1264 2012 1387 2052 oneris
1423 2014 1645 2065 accelerari,
1694 2019 1871 2068 quamdiu

559 2085 665 2127 suerit
689 2099 720 2139 g
739 2083 766 2126 l)
786 2100 867 2139 —g
885 2099 912 2125 v
932 2107 968 2112 —
990 2085 1017 2127 h
1037 2087 1066 2128 F
1088 2088 1128 2138 1>
1153 2099 1179 2126 0
1202 2086 1398 2129 :simulac
1420 2100 1512 2128 vcro
1542 2087 1606 2130 siat
1641 2073 1841 2147 vzb‘ssg'ffi
1858 2111 1870 2131 ν

1732 2151 1851 2192 aeccle
