2052 2668
144 365 1444 498 AEQVATIONBBAZETPSRPJERENTRALES

178 512 633 574 ALTIORVM'
703 513 1123 570 GRADVVM
1205 513 1426 572 INTE-

203 595 431 657 GRAN
436 596 515 656 DI
537 596 929 655 VLTERIVS
950 595 1361 656 PROMOTA

700 679 891 709 Avcrotuz

631 734 680 776 L.
717 732 958 777 EVLERO.

732 888 765 936 (5.
805 901 846 928 1.

307 1016 425 1057 radidi
456 1018 494 1057 in
527 1016 728 1057 volumine
762 1015 929 1068 septimo
969 1015 1300 1058 Miscellaneorum
1322 1015 1445 1058 Bero-

205 1087 207 1090 '
337 1080 534 1121 linensium
567 1080 794 1121 methodum
828 1079 977 1118 facilem
1012 1082 1250 1134 aequationes
1275 1079 1449 1120 differen-

204 1136 206 1138 ’
339 1144 442 1184 tiales
475 1146 648 1197 cuiusque
681 1145 840 1195 gradus,
872 1144 913 1181 in
947 1144 1076 1196 quibus
1108 1143 1224 1183 altera
1261 1143 1449 1184 variabilis

139 1208 281 1260 vbique
310 1208 462 1247 vnicam
498 1208 647 1247 obtinet
678 1206 957 1246 dimensionem
976 1239 987 1257 ,
1022 1208 1169 1247 alterius
1219 1218 1315 1246 vero
1343 1216 1449 1247 »tan-

140 1278 223 1309 tum
255 1270 499 1309 differenti-ale
519 1302 529 1320 ,
561 1269 661 1322 quod
692 1270 859 1307 constans
888 1271 1080 1310 assumitur
1102 1301 1113 1319 ‚
1165 1270 1326 1309 occurrit
1347 1301 1357 1320 ,
1391 1269 1448 1308 in-

134 1333 335 1381 'tegrandi,
369 1340 478 1381 atque
511 1333 605 1369 adeo
638 1335 904 1380 aequ-itionem
939 1331 1120 1383 finitam,
1153 1345 1246 1384 quie
1272 1331 1448 1371 differen-

134 1393 268 1432 tialem
299 1391 539 1444 propositam
572 1392 719 1444 penitus
752 1390 948 1429 ethriat
969 1421 981 1441 ‚
1016 1392 1239 1432 inueniendi.
1306 1394 1446 1444 Neque

127 1455 336 1505 enim,s1
367 1456 538 1508 aequatio
570 1454 757 1507 proposita
789 1453 1044 1493 differenti-ilis
1074 1454 1244 1507 primum
1285 1455 1445 1506 gridum

140 1516 314 1571 superet,
350 1518 510 1571 pluribus
542 1519 709 1571 repetitis
743 1517 1049 1568 i11tegr1tio11ibus
1090 1530 1186 1570 opus
1236 1528 1349 1567 erat,
1382 1518 1443 1559 sed

140 1593 223 1621 vno
254 1581 352 1634 quasi
382 1581 458 1621 istu
491 1582 739 1634 cuiuscunque
771 1580 928 1619 demum
965 1580 1070 1620 fuerit
1102 1580 1233 1633 gradus
1270 1581 1445 1634 aequatio

139 1645 331 1697 proposita
352 1677 362 1695 ,
397 1644 597 1685 methodus
627 1644 678 1684 ibi
712 1643 881 1695 exposita
901 1644 1059 1684 eandem
1087 1644 1293 1697 suppeditat
1311 1656 1443 1697 aequa-

140 1709 290 1747 tionem
332 1707 476 1748 finitam
498 1741 508 1759 ,
542 1720 634 1761 quae
668 1708 861 1760 proditura
894 1708 1012 1757 esset,
1047 1707 1072 1747 sl
1105 1706 1295 1747 succeffiue
1313 1715 1371 1746 tot
1388 1709 1446 1746 in-

141 1771 374 1810 stituetentur
393 1772 657 1824 integrationes
676 1803 685 1822 ,
704 1780 796 1824 quot
813 1771 945 1822 gradus
962 1770 1216 1810 differentialia
1248 1771 1286 1809 in
1313 1783 1356 1811 ea
1375 1770 1446 1809 ob-

141 1834 276 1872 tinent.
340 1831 401 1873 Sic
434 1835 459 1874 fi
488 1835 663 1887 aequatio
695 1833 887 1886 proposita
937 1834 979 1872 fit
1027 1831 1274 1872 differentialis
1323 1834 1442 1886 quarti

142 1896 303 1949 gradus,
338 1906 447 1934 more
478 1896 590 1936 solito
629 1910 674 1936 ea
705 1908 774 1947 per
805 1907 921 1934 vnam
971 1896 1263 1948 integrationem
1312 1898 1441 1949 primo

132 1959 188 1998 ‘ad
223 1958 485 2010 aequationem
517 1958 797 1998 differentialem
838 1958 934 1997 tertii
975 1958 1104 2010 gradus
1152 1959 1302 2009 reduci,
1356 1969 1439 1999 tum

137 2033 235 2060 vero
270 2021 393 2061 denuo
425 2022 621 2074 integratio
654 2022 778 2074 suscipi
810 2021 960 2060 deberet
980 2053 990 2072 ,
1039 2030 1083 2060 vt
1118 2022 1163 2060 ad
1196 2022 1354 2074 gradum
1387 2022 1440 2061 se-

136 2086 304 2126 cundum
335 2094 558 2128 reuocetur:
591 2097 668 2139 quo
699 2085 800 2125 {iusto
832 2084 951 2125 adhuc
981 2084 1075 2126 duae
1111 2084 1330 2139 superessent
1382 2086 1441 2124 in-

131 2160 136 2163 ·
730 2149 768 2189 A
805 2160 829 2185 2
1320 2156 1445 2199 tegra-
