2052 2668
389 213 626 262 PISCIVM
671 212 1156 261 coNcERNENTES.
1377 233 1429 272 μ
1442 231 1464 272 ς

156 328 342 386 ,integros
366 335 400 379 >6
434 330 577 372 menses
609 342 747 383 corpus
797 330 1128 370 vehementissimo
1177 336 1286 369 mntu
1320 338 1358 369 et
1391 332 1480 372 libi-

176 395 263 435 dine
283 405 509 435 attenuantes
527 425 537 445 ,
558 402 597 431 et
614 394 746 446 absque
764 395 874 434 omni
905 394 992 433 cibo
1028 394 1106 432 lunt
1126 394 1309 433 viuentes.
1370 394 1475 434 Plura

172 459 259 498 vide
279 460 316 498 in
335 460 531 499 Anatome
549 453 785 509 Corregoui,
806 455 910 497 Biela
928 456 1058 507 rybiza
1076 456 1150 497 siue
1168 450 1277 495 &baa
1298 463 1476 515 pmofflga

169 521 369 564 Ruthenis.
387 521 494 561 dieti.
1375 550 1380 555 .

285 584 431 624 Omnes
483 583 595 636 pisces
650 582 787 636 spinofi
838 593 996 636 propter
1046 583 1333 635 generationem
1386 597 1475 638 pro-

169 646 280 687 funda
312 646 394 686 loca
428 646 596 687 deserunt
617 677 628 698 ‚
670 656 709 685 et
742 646 876 685 vadofii
910 654 1089 698 quaerunt
1108 677 1118 696 ‚
1152 645 1238 685 hinc
1271 659 1321 686 eo
1371 657 1477 688 tem-

168 720 263 761 pore
295 707 542 763 copiofiffime
575 708 790 761 capiuntur,
810 716 854 747 vt
888 706 1049 759 Cyprini
1070 740 1080 758 ,
1121 703 1331 766 ffirassem
1362 711 1475 761 dieti,

171 780 349 824 tempore
382 772 504 812 coitus
536 772 632 824 ripas
664 778 827 824 petunt,
858 780 895 809 et
930 770 1018 811 alias
1048 767 1193 821 semper
1218 772 1257 810 in
1282 772 1476 826 profundis

166 834 307 887 degunt
326 867 337 886 ,
387 834 521 887 procul
570 833 687 872 dubio
739 832 816 872 hoc
852 832 896 872 fit
937 833 984 873 ad
1015 831 1269 874 facilit-andam
1319 848 1476 888 genera-

173 897 334 937 tionem.

283 958 390 1002 Lucii
442 958 533 999 seu
550 956 689 999 Esoces
730 967 907 1011 tempore
951 959 1199 1000 inundationis
1238 959 1374 1002 riuulos
1409 975 1477 1015 pe-

171 1030 284 1072 tunt,
313 1031 352 1060 et
386 1020 567 1061 foemella
596 1022 784 1073 quandam
819 1023 1152 1073 impraegnationis
1179 1022 1344 1075 speciem
1363 1038 1474 1078 prae-

168 1082 266 1134 bet3
303 1095 383 1123 mas
423 1085 524 1125 coitu
568 1083 848 1136 praeterlabitur
882 1083 1054 1124 citiffime
1092 1084 1306 1124 foemellam
1328 1113 1339 1134 ‚
1395 1089 1479 1127 foe-

167 1146 280 1185 mella
298 1157 423 1187 autem
444 1179 453 1198 ,
473 1148 566 1187 dum
602 1159 682 1186 mas
713 1146 1028 1199 praeterlabitur,
1059 1156 1213 1200 repente
1254 1147 1292 1187 in
1325 1148 1472 1190 dorsum

167 1209 204 1248 se
236 1210 420 1262 coniicit,
455 1222 499 1250 ac
532 1211 572 1249 in
606 1209 704 1249 mari
749 1219 922 1249 ventrem
963 1209 1123 1249 obuertit
1145 1239 1174 1260 ,v
1208 1222 1284 1262 quo
1325 1221 1473 1265 tempo-

167 1283 208 1311 te
241 1272 279 1312 in
299 1272 460 1320 Hoiiatia
478 1273 592 1313 etiam
621 1272 780 1312 accensis
795 1271 932 1311 facibus
950 1273 1065 1313 noctu
1083 1272 1252 1314 manibus
1269 1275 1474 1329 capiuntur.

286 1334 499 1390 Corregoni
532 1349 554 1375 a
584 1333 820 1376 Salmonibus
849 1335 1051 1376 differunt:

238 1411 281 1438 1.
316 1398 499 1440 Paucitate
530 1398 767 1440 officulorum
798 1397 1178 1454 branchiostegorum.

234 1473 276 1501 2.
312 1462 493 1503 Pan-nitate
528 1474 704 1502 ouorum.

232 1533 273 1571 3.
310 1521 452 1565 Colore
486 1537 663 1565 ouorum.

233 1602 277 1637 4.
313 1584 441 1628 Carnis
475 1588 618 1628 colore.

197 1661 275 1699 5.
312 1651 494 1692 Intestinis
528 1650 845 1704 praepinguibus,
881 1665 903 1692 e
937 1652 1065 1707 quibus
1097 1652 1203 1696 facile
1236 1653 1362 1708 ingens
1403 1667 1468 1697 co

166 1712 228 1765 pia
262 1714 492 1765 pinguedinis
526 1713 686 1752 elixatur.
740 1734 748 1743 -

285 1772 386 1813 Caro
419 1774 641 1815 Salmonum
677 1775 773 1816 inter
793 1774 950 1830 spinosos
969 1778 1082 1831 pisces
1102 1779 1275 1821 maxime
1297 1782 1471 1824 omnium

168 1836 313 1887 nutrit,
345 1837 471 1878 cibum
502 1836 652 1891 largitur
682 1837 835 1880 solidum
857 1870 867 1890 ,
916 1841 1049 1894 absque
1080 1843 1335 1884 condimentis
1375 1845 1470 1898 sapi-

169 1899 373 1950 diffimum,
391 1913 432 1941 ac
452 1910 584 1941 contra
612 1901 856 1942 Medicorum
892 1904 1110 1945 sententiam
1131 1908 1302 1946 maxime
1321 1909 1470 1959 sarium,

171 1962 229 2013 id,
249 1963 348 2016 quod
382 1965 546 2017 integrae
581 1975 707 2016 gentes
737 1968 775 2005 in
809 1968 911 2006 terris
941 1966 1227 2013 Kam-tscliaticis
1254 1969 1320 2013 suis
1336 1983 1474 2011 exem-

171 2026 242 2077 plis
273 2026 477 2077 enimcum,
512 2029 575 2081 qui
608 2028 687 2068 solis
738 2028 976 2070 Salmonibus
1025 2032 1188 2083 viuunt,
1240 2042 1306 2072 nec
1352 2034 1468 2073 febri-

172 2087 263 2137 bus,
300 2101 366 2128 nec
400 2089 558 2141 scabiei,
593 2104 663 2131 nec
694 2093 911 2133 conuulfiuis
951 2095 1096 2134 morbis
1146 2095 1309 2134 obnoxii
1352 2096 1433 2136 sunt
1454 2109 1483 2149 ς.

171 2149 260 2192 hinc
295 2151 520 2206 singulariter
552 2154 609 2195 his
640 2155 794 2210 piscibus
827 2156 1023 2212 prospexit
1056 2156 1160 2199 Deus
1191 2158 1367 2199 omnibus
1400 2159 1469 2199 illis

1346 2233 1466 2275 genti-
