2052 2668
704 140 737 199 )(
775 151 829 192 37
868 140 901 200 )(

142 258 200 302 CI.
233 255 411 298 Austoris
444 267 531 297 cum
568 255 717 309 publico
747 255 1081 296 communicandas
1111 267 1132 294 e
1165 267 1204 294 re
1238 252 1313 295 effe
1344 257 1441 297 iudi-

136 333 259 364 catum
314 321 397 361 est:
448 319 664 374 pr21e1ertim
709 319 809 372 quod
840 318 946 372 plura
978 319 1056 358 sunt
1091 319 1128 358 in
1165 319 1208 358 iis
1238 330 1276 359 et
1309 333 1405 359 noua
1426 352 1440 370 ,

136 395 176 426 et
205 397 283 425 non
318 384 437 425 vbiu's
464 385 600 432 obuia,
634 392 671 423 et
702 383 789 422 scitu
821 382 919 422 haud
958 383 1105 435 indigna
1125 415 1135 432 ,
1179 396 1273 435 quae
1314 384 1439 436 prima

133 461 277 503 quaque
308 449 500 489 occasione
535 460 612 487 non
645 446 928 486 communicare
959 459 1047 486 cum
1079 447 1225 486 erudito
1257 447 1348 487 orbe
1381 460 1440 486 re-

140 512 273 566 ligioni
305 513 482 552 ducimus.
547 511 704 551 Tractat
735 521 861 550 autem
897 510 959 550 hic
993 508 1055 550 Cl.
1100 511 1247 550 AuCtor
1286 511 1332 550 de
1373 522 1439 563 ge-

136 578 331 617 neratione
361 574 513 627 piscium
537 607 549 626 ,
582 575 629 614 de
663 583 781 615 aet-ate
816 573 1009 612 Truttacei
1047 578 1190 625 generis
1211 604 1221 623 ‚
1262 585 1300 613 et
1345 585 1438 626 quae

136 650 200 680 aut
248 638 435 678 obseruata
485 647 548 678 aut
588 637 815 678 obseruanda
847 634 925 676 sunt
954 636 992 675 in
1024 637 1206 682 examine
1245 637 1437 691 piscium3

137 703 184 743 de
215 703 278 741 vsu
309 702 558 754 appendicum
591 700 854 742 intestinalium
875 732 886 750 ,
917 709 954 739 et
984 700 1030 740 de
1061 698 1281 740 differentiis
1312 702 1441 740 vario-

135 777 220 806 rum
255 765 428 819 piscium.
493 766 560 807 Ex
589 766 718 820 quibus
757 763 1073 805 obseruationibus
1121 763 1232 803 filcile
1281 764 1440 804 iudicare

137 829 279 882 poterit
298 829 419 870 lestor
438 862 449 881 ,
468 839 610 883 quanto
640 829 764 870 studio¹
794 826 975 869 Stellerus
1004 827 1137 867 noster
1164 828 1201 867 in
1234 828 1440 867 veritatem

138 901 291 933 naturae
324 893 512 947 inquisiuit
533 927 545 946 ‚
578 904 620 934 et
647 902 792 947 quanto
822 892 967 932 damno
1000 889 1176 932 historiae
1210 891 1382 931 naturalis
1400 891 1441 929 in

136 955 219 1009 ipso
244 957 371 997 aetatis
408 957 504 1000 flore
538 967 711 999 mortuus
738 956 826 1013 est3
857 956 925 997 nisi
954 955 1151 1009 dicamus,
1181 955 1246 995 diu
1278 952 1413 996 vixisse
1432 985 1446 1005 ‚

133 1020 195 1074 qui
227 1020 346 1061 multa
378 1022 578 1075 praestitit.

426 1110 1137 1173 ASTRONOMICA.

139 1224 431 1263 SVMMARWM
457 1227 833 1265 OBSERVATIONIS
859 1226 1103 1264 ECLIPSEOS
1129 1224 1323 1263 SOLARIS
1344 1223 1389 1260 D.
1421 1230 1444 1262 3

177 1273 266 1311 IAN.
302 1289 402 1317 ¹75⁶-
431 1276 496 1312 ST.
523 1276 564 1311 tx.
594 1278 625 1311 A
652 1276 796 1311 CLAR.
824 1277 1027 1314 KRAFFT
1052 1276 1300 1312 TVBINGAE
1324 1273 1414 1311 HA-

256 1322 422 1363 ΒΙΤΑΕ,
460 1325 489 1358 Ε
517 1324 729 1358 LITTERIS
754 1326 821 1359 AD
851 1324 1209 1362 WINSHEIMIVM
1238 1325 1325 1360 DA-

290 1370 359 1407 Tls
399 1372 505 1408 CVM
542 1371 832 1408 ACADEMICIS.
865 1373 1284 1409 COMMVMCATVM.

139 1454 313 1568 Hlec
342 1462 551 1504 obseruatio
583 1463 631 1503 ab
673 1462 842 1504 Audiore
883 1463 925 1503 in
964 1460 1148 1516 epistoia,
1208 1457 1449 1510 GermanIco

277 1527 458 1567 idiomate
490 1522 697 1580 conscripta
717 1559 728 1578 ‚
771 1527 817 1567 ad
858 1525 905 1567 B.
935 1526 1226 1568 Winsheimium
1258 1527 1311 1568 est
1344 1529 1445 1569 data.

140 1590 387 1631 Instrumenta
409 1622 420 1636 ,
454 1600 497 1631 vt
531 1590 780 1645 horologium
818 1590 997 1644 portatile
1032 1591 1305 1644 Anglicanum,
1339 1592 1450 1631 tubus

142 1654 323 1694 terrestris
351 1656 586 1709 Anglicanus-
617 1667 638 1704 5
677 1656 819 1708 pedum
840 1686 854 1706 ‚
886 1663 925 1695 et
958 1656 1144 1708 quadrans
1172 1655 1288 1695 vnius
1318 1655 1449 1708 pedis,

141 1719 186 1757 ad
221 1719 521 1759 obseruationem
554 1719 723 1760 adhibita
746 1752 755 1771 ‚
787 1717 869 1758 sunt
899 1719 1108 1759 mediocria
1126 1752 1139 1771 ,
1168 1728 1211 1759 et‘
1239 1719 1320 1771 quia
1339 1729 1449 1759 nota-

141 1791 179 1819 tu
201 1780 282 1819 suut
312 1782 424 1834 digna
444 1816 454 1834 ,
487 1795 579 1835 ergo
614 1783 706 1822 haec
739 1782 951 1822 obseruatio
983 1784 1020 1821 in
1053 1782 1177 1834 lingua
1213 1781 1375 1834 Latina,
1394 1782 1456 1821 vti

140 1843 277 1884 scriniis
320 1845 558 1885 Academicis
591 1847 642 1886 est
676 1845 811 1885 insterta
831 1877 841 1895 ,
874 1846 1200 1885 communicatur.

145 1930 451 1969 OBSERVATIO
477 1933 674 1968 ECLIPSIS
700 1932 861 1969 LVNAE
887 1933 1095 1970 TOT'ALIS
1120 1934 1164 1970 D.
1196 1947 1236 1975 19
1267 1933 1362 1971 IVN.
1379 1936 1452 1974 ST*

215 1981 257 2017 N.
289 1996 395 2028 1750·
422 1982 596 2019 LlPSIAE
623 1982 805 2019 HABITA
830 1983 1060 2020 AVCTORE
1101 1982 1147 2019 G.
1174 1984 1396 2024 HEINSIO.

144 2064 313 2178 Hice
350 2073 557 2114 obseruatio
590 2074 636 2114 ab
668 2074 839 2116 Audiore
857 2076 965 2116 coelo
985 2088 1174 2118 maxume
1193 2075 1322 2117 sereno
1339 2089 1453 2128 vsque

282 2138 328 2178 ad
372 2136 488 2178 finem
531 2136 690 2192 Eclipfis
728 2139 780 2180 est
824 2139 987 2194 perucia.
1089 2139 1324 2195 Telescopio
1355 2137 1454 2179 Gre-

707 2214 729 2242 e
764 2213 787 2251 3
1292 2203 1454 2258 goriano
