2052 2668
376 159 780 229 RROBLEMATIS
809 159 1197 205 GEOMETRICI.
1400 174 1501 212 ιμ’·

189 276 290 318 Hinc
320 286 407 317 cum
444 275 486 316 fit
518 272 600 314 CU
634 272 759 314 media
795 271 1091 326 proportionalis·
1113 272 1208 312 inter
1238 268 1320 313 (ΖΕ
1351 282 1390 313 et
1424 273 1491 318 CI

184 343 256 385 erit
287 335 551 381 CUzVe.¹
536 331 683 391 3⁴V(e
691 330 828 393 ÷f
836 335 1169 393 -1-2eeffcofi2
1184 333 1227 389 Θ)

187 432 408 477 reuco:
418 414 482 487 V(
469 433 509 487 (e
518 425 684 489 ”rs
693 428 981 487 -i-2eeffcos
1003 429 1104 478 20).

190 498 255 541 Ex
289 512 358 553 qua
388 490 621 550 expreffione
646 495 888 544 miniffistum
922 494 975 534 est
1007 493 1085 536 fore
1119 493 1158 536 U
1197 494 1360 537 alterum
1409 494 1491 536 elli

190 562 295 614 pseos
325 561 482 611 focum,
514 559 617 599 vnde
649 557 756 599 simul
785 559 877 598 alter
908 555 1009 605 focus
1042 557 1251 599 innotescit.

189 624 264 664 Hic
282 633 423 664 tantum
441 631 586 662 certum
620 620 694 662 effe
727 629 882 675 oportet
902 651 913 670 ,
945 619 1090 660 restam
1125 618 1206 662 CU
1242 620 1315 662 effe
1334 620 1490 675 positio·

189 698 278 726 nem
310 686 393 727 axis
424 683 612 726 transuersi
646 697 724 724 non
758 695 852 722 vero
882 681 1103 736 coniugati3
1154 683 1215 723 sed
1248 684 1287 723 in
1322 684 1398 724 hoc
1431 697 1489 725 er-

188 761 251 788 ror
292 748 395 789 ficile
437 749 625 799 enitatur,
673 746 700 786 fi
748 744 1060 811 perpendamus,
1095 756 1209 787 axem
1245 745 1490 789 transuersum

187 809 333 870 semper
366 810 470 852 intra
493 811 670 863 angulum
705 810 857 868 acutum
877 838 904 860 ,
913 819 1034 873 quem
1067 809 1243 851 diametri
1274 810 1491 862 coniugatae

171 865 445 925 ›2const1'tu11nt,
477 874 620 913 cadere

253 936 396 976 Verum
419 946 460 976 vt
479 935 547 975 hae
565 933 854 974 constructiones
869 932 995 974 ssmiles
1012 908 1210 987 videntur
1227 945 1356 976 tamen
1382 935 1491 977 fateri

188 1010 335 1050 cogor,
353 998 672 1038 constructionem
694 1029 705 1047 ‚
722 1010 835 1049 quim
856 996 1005 1050 Pappus
1025 996 1309 1041 Alexandrinus
1327 997 1401 1039 fine
1419 999 1488 1040 de

186 1058 456 1099 monstratione
475 1061 627 1112 quidem
647 1058 822 1098 exhibuit
839 1090 850 1109 ‚
870 1057 928 1102 his
960 1060 1129 1111 palmam
1163 1062 1278 1113 longe
1296 1063 1489 1115 praeripe-

184 1133 236 1160 re.
302 1120 492 1176 Quoniam
528 1133 619 1162 vero
650 1120 1013 1161 demonstrationem
1046 1120 1127 1161 non
1160 1116 1302 1163 addidit
1321 1154 1332 1174 ‚
1381 1133 1491 1165 eam-

184 1195 254 1237 que
312 1182 580 1225 Commentator
630 1185 706 1224 eius
756 1182 1036 1226 Commendinus
1077 1196 1155 1225 non
1205 1185 1287 1226 satis
1337 1184 1490 1230 feliciter

183 1244 352 1299 supplere
410 1256 563 1287 conatus
618 1246 669 1286 est
688 1278 698 1296 ‚
755 1245 816 1285 hic
868 1259 947 1286 non
998 1246 1117 1287 solum
1167 1247 1487 1291 constructionem

186 1307 311 1362 Pappi
326 1341 338 1360 ,
369 1308 426 1350 sed
473 1311 591 1351 etiam
643 1310 722 1349 eius
770 1309 958 1350 rationem
1016 1310 1207 1351 coronidis
1260 1309 1352 1352 loco
1409 1310 1489 1355 sub·

183 1369 353 1424 iungam.

301 1430 381 1473 Sint
419 1433 532 1487 igitur
565 1432 598 1473 C
617 1434 651 1474 E
684 1442 721 1472 et
756 1431 789 1473 C
809 1434 841 1475 F
881 1435 1152 1475 semidiametri
1183 1436 1314 1491 ellipsis
1347 1438 1454 1481 datae
1475 1453 1554 1492 >¹³ss-
1576 1461 1605 1493 ς.

183 1494 235 1535 π
257 1507 326 1549 per
359 1496 389 1537 F
421 1506 548 1549 agatur
580 1496 648 1549 ipsi
681 1493 715 1536 C
737 1496 774 1536 E
807 1497 976 1550 parallela
1009 1496 1222 1550 indefinita,
1271 1513 1364 1553 quae
1407 1503 1488 1544 elli-

183 1556 262 1612 pfin
295 1559 334 1598 in
367 1559 397 1600 F
430 1569 572 1613 tanget.
607 1557 754 1600 Caci-ant
787 1572 879 1601 axes
911 1560 1135 1614 principales
1166 1561 1206 1601 in
1241 1563 1359 1604 rec'tas
1395 1562 1430 1605 C
1448 1562 1487 1607 G

185 1630 223 1661 et
242 1619 276 1662 C
293 1622 331 1663 Η
353 1632 492 1676 ,atque
523 1622 760 1676 perspicuum
794 1624 876 1676 est,
917 1624 943 1665 fi
983 1624 1121 1678 puncta
1167 1622 1208 1666 G
1240 1635 1277 1666 et
1310 1627 1349 1668 H
1370 1628 1485 1670 essent

183 1684 333 1736 cognita
354 1716 365 1735 ,
397 1685 620 1737 positionem
654 1687 780 1725 axium
824 1687 1092 1740 principalium
1133 1687 1221 1727 inde
1260 1689 1487 1731 determina-

184 1745 228 1784 ri.
293 1745 443 1785 Totum
473 1747 669 1797 negotium
705 1759 796 1799 ergo
828 1749 900 1788 huc
932 1750 1047 1798 redit,
1081 1759 1126 1789 vt
1157 1750 1298 1803 puneta
1332 1749 1428 1794 Get
1447 1753 1483 1795 H

185 1806 418 1848 definiantur.
502 1807 770 1861 concipiamus
802 1823 869 1862 per
901 1811 994 1852 haec
1029 1812 1165 1864 punita
1197 1813 1356 1866 quaesita
1391 1813 1484 1858 Get

186 1869 223 1909 H
244 1880 378 1923 ‚atque
396 1870 527 1924 ellipsis
558 1881 726 1918 centrum
761 1869 795 1912 C
826 1873 1005 1925 transire,
1037 1883 1076 1914 et
1107 1877 1291 1928 quoniam
1333 1879 1483 1931 angulus

188 1929 224 1972 G
246 1930 327 1973 CH
358 1934 479 1974 rectus
511 1935 563 1975 est
593 1937 669 1975 iam
703 1937 877 1977 nouimus
908 1937 1015 1977 huius
1045 1937 1172 1978 circuli
1205 1949 1379 1981 centrum
1415 1942 1483 1982 ali-

186 1995 271 2036 cubi
303 1996 340 2037 in
380 1997 480 2038 recta
511 1993 606 2039 GH
644 1997 811 2039 existere.
888 1998 1076 2041 Praeterea
1120 2014 1211 2042 vero
1250 2013 1302 2043 ex
1351 2014 1482 2045 natura

185 2060 418 2113 tangentium
450 2060 582 2115 ellipsis
615 2061 809 2115 nouimus,
841 2064 1018 2116 quoniam
1053 2060 1088 2104 C
1105 2063 1141 2105 E
1173 2074 1212 2105 et
1242 2063 1481 2108 semidiame-

1427 2139 1483 2170 ter
