2052 2668
575 187 598 214 2
607 184 661 224 52
901 167 982 212 DE
1015 146 1515 211 PERTVRBATIONE'

727 290 760 338 ᾗ.
801 294 872 337 37.
908 282 1072 338 Egregie
1105 280 1197 322 haec
1229 281 1416 323 conclufio
1448 281 1603 334 qundmt
1637 281 1675 321 in
1729 290 1882 323 motum

571 351 677 392 lunae
700 383 710 402 ,
743 350 843 389 cuius
876 349 1105 402 Apogaeum
1139 343 1212 385 fere
1243 344 1360 400 duplo
1409 345 1562 385 celerius
1614 347 1852 398 progreditur
1871 376 1882 396 ,

570 427 685 468 quam
721 425 790 466 per
821 410 1034 451 Theoriam
1067 406 1286 450 inuenitur(
1325 408 1614 451 Obstru-itiones
1645 406 1748 449 enirn
1776 421 1882 462 pme·

570 479 661 518 bent
693 486 849 517 motum
881 475 988 529 lunae
1020 474 1193 516 medium
1224 473 1270 514 ad
1288 483 1436 514 motum
1464 473 1677 513 anomaliae
1704 473 1853 513 mediae
1871 504 1882 524 ‚

568 551 613 580 vt
649 554 667 578 1
694 573 706 592 ,
739 545 952 590 0085193
989 540 1035 580 ad
1067 536 1116 590 1,
1150 537 1202 577 ita
1234 546 1276 577 vt
1309 547 1436 578 motus
1467 540 1610 578 medius
1643 537 1686 577 fit
1717 538 1763 578 ad
1792 548 1882 584 mo,-

570 615 653 644 tum
680 605 856 657 Apogaei
892 613 934 642 vt
989 615 1008 642 1
1044 634 1055 654 ‚
1091 607 1300 654 0085193
1347 601 1392 642 ad
1428 612 1454 640 0
1477 635 1487 654 ,
1521 607 1732 650 0085193
1758 633 1768 651 ,
1806 600 1882 640 hoc

567 668 652 719 est,
687 677 729 708 vt
768 681 783 707 1
826 667 870 708 ad
906 678 965 718 0,
999 671 1227 716 0084473.
1299 663 1368 706 Per
1413 663 1625 706 ‘theoriam
1667 674 1792 705 autem
1830 663 1882 704 ob

567 731 757 772 affirmem
793 729 876 771 solis
907 740 1035 771 motus
1071 730 1182 771 lunae
1214 728 1363 770 medius
1412 730 1458 771 ad
1501 739 1654 770 motum
1706 728 1883 781 Apogaei

569 805 720 836 tantum
770 792 846 835 effe
893 794 1050 835 deberet
1083 803 1129 832 vt
1163 805 1181 831 1
1224 792 1271 832 ad
1304 806 1332 832 0
1352 822 1364 843 ,
1396 803 1612 840 0041045
1638 824 1650 843 ‚
1682 794 1785 843 vnde
1816 803 1885 831 ex-

566 859 678 900 cessus
719 869 848 899 motus
897 855 1075 909 Apogaei
1124 853 1200 893 veri
1258 851 1364 906 supra
1413 851 1691 894 Theoreticum
1744 854 1797 894 est
1837 855 1884 895 ad

569 932 720 963 motum
754 919 922 963 medium
958 928 1068 972 vt0‚
1087 922 1300 970 0043428
1323 915 1369 957 ad
1392 929 1430 958 1.

720 1016 756 1064 §.
794 1021 867 1064 38.
903 1014 968 1055 Ad
1001 1013 1160 1055 modum
1195 1023 1289 1065 ergo
1339 1011 1537 1066 probabile
1571 1013 1719 1054 videtur
1739 1045 1749 1065 ,
1783 1013 1883 1055 hunc

567 1088 699 1122 motus
728 1078 905 1133 Apogaei
946 1078 1052 1119 lunae
1085 1073 1280 1117 excessum
1332 1076 1418 1117 inde
1452 1075 1575 1127 oriri,
1623 1078 1725 1130 quod
1776 1076 1883 1116 lunae

566 1156 704 1197 corpus
736 1142 780 1184 s1t
813 1142 1030 1194 oblongum
1051 1173 1062 1192 ‚
1094 1141 1244 1193 eiusque
1277 1139 1358 1179 axis
1396 1138 1544 1192 longior
1598 1149 1785 1192 perpetuo
1835 1139 1881 1179 ad

566 1217 739 1249 centrum
775 1215 892 1246 terrae
926 1205 1001 1246 fere
1035 1202 1207 1245 direaus.
1291 1201 1423 1256 Atque
1473 1202 1563 1243 hinc
1613 1204 1731 1244 etiam
1784 1203 1881 1242 ratio

564 1271 705 1324 figurae
739 1269 840 1311 istius
872 1268 1062 1323 oblongae
1095 1265 1241 1307 definiri
1279 1265 1448 1320 poterit,
1488 1278 1577 1307 cnm
1628 1266 1700 1308 etse
1750 1267 1883 1308 debeat

567 1329 621 1398 1⁶33-ss
651 1359 707 1386 z
729 1357 756 1385 0
776 1377 787 1396 ,
822 1349 1055 1397 0043428,
1120 1342 1248 1384 Posito
1277 1342 1380 1382 enim
1418 1343 1456 1383 in
1489 1341 1772 1383 semidiametris
1806 1353 1882 1382 ter-

568 1421 632 1449 rae
663 1408 745 1450 h-
766 1411 825 1447 60
850 1438 859 1450 ‚
896 1407 963 1448 fiet
994 1406 1064 1448 ab
1082 1418 1135 1445 :z
1157 1417 1180 1444 2
1204 1437 1215 1456 ,
1248 1407 1422 1455 60568,
1456 1415 1494 1444 et
1514 1405 1537 1443 fi
1558 1405 1882 1459 fingamusazb

568 1470 628 1512 seu
662 1469 697 1511 C
716 1469 750 1511 B
771 1482 822 1510 :z
841 1469 877 1512 C
897 1470 968 1520 A,
996 1469 1092 1510 soret
1114 1467 1149 1510 C
1173 1468 1209 1507 A
1230 1480 1283 1507 z
1303 1463 1338 1507 C
1357 1465 1391 1506 B
1414 1480 1462 1506 ε
1491 1471 1553 1518 ιξε
1575 1468 1732 1520 hincque
1753 1470 1878 1520 prodi·
1939 1511 1943 1516 ,

567 1544 623 1576 ret
673 1543 753 1575 tota
803 1533 971 1575 distantia
1006 1531 1062 1572 [eu
1094 1530 1292 1584 longitudo
1343 1530 1470 1585 virgae
1523 1532 1561 1572 Α
1599 1530 1632 1572 Β
1668 1544 1718 1572 ,τῑ
1748 1533 1789 1582 22
1830 1532 1881 1573 ίὲ·

567 1599 658 1640 mid.
697 1608 827 1638 terrae.
875 1596 1010 1637 ‘Luna
1062 1593 1187 1649 ergo,
1240 1607 1327 1634 cnm
1380 1607 1458 1635 non
1491 1594 1534 1635 sit
1583 1595 1686 1648 virga
1736 1596 1882 1636 duobus

566 1661 689 1715 globis
739 1661 899 1711 onusta,
956 1671 998 1699 vt
1027 1659 1106 1699 eins
1138 1657 1256 1710 figura
1290 1657 1388 1711 quasi
1440 1657 1700 1709 seminalem,
1753 1660 1877 1699 multo

567 1726 716 1779 longior
749 1724 819 1765 esse
850 1723 1028 1773 deberet,
1060 1734 1106 1762 ac
1138 1719 1285 1760 fortaffe
1321 1732 1344 1769 3
1382 1720 1586 1762 diametros
1620 1731 1739 1760 terrae
1772 1722 1878 1775 supe-

565 1801 646 1830 rare
669 1820 679 1839 ‚
716 1790 766 1829 ita
800 1797 841 1828 vt
874 1787 951 1828 eius
982 1786 1062 1827 axis
1095 1785 1247 1837 longior
1281 1782 1363 1835 plus
1395 1795 1506 1838 quam
1553 1783 1670 1824 oc‘ties
1719 1788 1874 1827 excede·

566 1863 621 1894 ret
652 1853 864 1894 breuiorem
884 1884 895 1904 ‚
927 1849 1030 1906 quod
1064 1851 1131 1889 vix
1166 1846 1369 1888 verisimile
1402 1847 1561 1889 videtur.

716 1948 749 1996 §.
789 1958 861 1997 39.
896 1945 1038 2004 Qiodfi
1071 1956 1165 1998 ergo
1196 1943 1410 1985 huiusmodi
1445 1941 1563 1996 figura
1598 1944 1702 1987 lunae
1745 1945 1876 1987 oblon-

568 2025 613 2065 ga
648 2024 724 2052 non
757 2011 947 2051 toleranda
998 2009 1170 2049 videatur
1191 2041 1201 2060 ‚
1247 2007 1311 2049 etfi
1344 2006 1495 2048 fintaffis
1529 2008 1657 2049 minor
1689 2023 1709 2050 a
1760 2009 1874 2065 figura

570 2074 773 2129 sphaerica
792 2073 956 2114 defcdhis
976 2072 1114 2126 aliquid
1133 2072 1178 2112 ad
1202 2072 1376 2125 Apogaci
1397 2071 1705 2115 accelerationem
1728 2074 1876 2114 confer-

572 2152 610 2180 re
643 2138 785 2193 puisun
821 2138 888 2177 alia
920 2147 1019 2177 certe
1051 2137 1105 2176 vis
1136 2135 1259 2176 adcffe
1301 2136 1412 2176 debet
1465 2134 1608 2192 inliipcr
1657 2138 1694 2179 in
1747 2138 1873 2177 lun-im

1769 2215 1878 2258 agens
