2052 2668
133 183 208 226 ET
247 178 507 226 RATIONE
554 175 908 221 DENSITA'IIS
965 176 1294 231 RADIORVM.
1333 189 1421 231 339

132 304 169 336 te
202 293 445 336 refraecorum
475 292 522 334 ad
552 291 770 332 densitatem
803 292 991 332 radiorum
1025 289 1257 331 direecorum
1275 290 1424 331 definiri

130 358 276 400 debeat.

241 445 276 494 (5.
319 449 487 499 30.·'‘Vt·
512 447 724 503 ‘potioribus
761 448 1061 502 impedimentis
1081 447 1235 488 obuiam
1270 447 1322 487 ire
1343 480 1353 498 ,
1385 455 1436 486 et⁴

128 514 286 555 diuersas
315 515 501 555 radiorum
531 512 571 551 in
602 511 749 552 diuersis
781 510 906 566 spatiis
937 510 1183 552 concecorum
1236 504 1433 550 efficacias?

129 588 350 632 comparare
368 575 556 616 valeamus
573 607 584 627 ‚
617 587 692 615 non
711 586 842 628 parum
877 573 974 614 forte
1005 573 1143 624 faciet,
1176 573 1203 614 fi
1236 574 1325 613 duas
1341 573 1422 613 len-

128 649 185 680 tes
217 640 419 694 aequalium
469 638 720 679 distantiarum
769 635 942 676 focalium
979 646 1019 676 et
1060 636 1265 676 earundem
1290 635 1424 690 ampii-

127 702 297 743 tudinum
330 711 368 742 et
407 700 657 741 craffitierum·
680 711 731 739 ex
763 698 871 739 sunni
906 698 1010 737 vitro
1051 696 1236 738 confectas
1257 730 1268 750 ‚
1305 699 1433 745 verbo'

123 765 211 805 duas
241 763 360 805 lentes
378 763 530 805 'ssmiles
561 770 601 802 et
631 760 809 815 aequales·
835 759 1017 814 eiigamus
1036 791 1048 812 ‚
1083 769 1120 800 et
1152 761 1192 800 in
1222 760 1368 812 diuerfis
1401 763 1435 800 a*

125 824 215 866 foco
229 825 419 867 distantiis
447 828 487 866 in
517 825 709 878 Vtriusque
741 825 830 864 coni
859 823 1034 864 radiantis
1063 834 1134 864 axe
1159 816 1422 864 Thennome-

126 890 174 929 tri
204 888 359 929 bulbum
392 888 632 928 collocemus„

241 952 274 999 ς.
314 960 383 996 31.
420 950 502 990 Hac
533 949 674 988 ratione
705 947 956 989 obtinebitur:

191 1016 233 1060 1)
265 1013 435 1052 Tantum
468 1011 656 1051 radiorum
690 1011 862 1063 intercipi
892 1011 939 1051 ab
971 1022 1046 1051 vna
1070 1012 1167 1053 lente
1187 1043 1198 1064 ‚
1231 1019 1416 1065 quantum

123 1073 170 1113 ab
203 1073 326 1113 altera.
355 1091 357 1094 ⁴
1433 1090 1437 1091 ⁷

188 1134 232 1190 2)
263 1135 347 1175 Tot
374 1136 493 1176 radios
524 1127 741 1189 penetrare
749 1147 818 1190 per
838 1146 968 1176 vnam
1000 1134 1146 1176 lentem
1167 1167 1180 1189 ‚
1227 1142 1323 1190 quot
1355 1146 1422 1189 pe-

125 1206 271 1238 netrant
301 1210 371 1251 per
400 1198 568 1239 alteram.

190 1258 233 1314 3)
267 1261 337 1300 Per
368 1261 471 1300 idem
503 1269 656 1313 tempus
690 1258 730 1300 in
762 1260 874 1301 vnius
924 1258 1212 1302 Thermometri
1263 1258 1422 1301 bulbum

123 1322 332 1363 efficaciam
363 1320 464 1364 suam
497 1335 652 1363 exerere
682 1324 803 1364 ndibs
834 1323 966 1363 solares
986 1355 998 1375 ,
1029 1336 1099 1377 per
1131 1324 1235 1378 quod
1266 1331 1424 1364 exerunt

124 1386 165 1443 iu
196 1384 341 1426 alterius
373 1385 663 1427 Thermometri
697 1385 893 1432 bulbum
926 1386 979 1427 Et
1010 1396 1146 1427 erunt:
1427 1426 1434 1436 ..

184 1445 230 1501 4)
262 1446 454 1488 deum-stes
482 1449 671 1489 radiorum
703 1449 820 1489 ferme
851 1449 890 1490 in
923 1449 1065 1490 ratione
1099 1449 1237 1490 inuersa
1269 1449 1431 1503 quadra-

119 1518 247 1550 torum
297 1509 546 1551 distantiarum
580 1511 967 1551 Ther-mometrorum
1001 1524 1022 1552 a
1053 1510 1173 1563 focis,
1220 1521 1259 1551 et
1291 1512 1330 1551 in
1362 1523 1431 1550 ea·-

121 1573 213 1613 dem
245 1573 390 1614 ratione
422 1572 610 1614 efficaciae
633 1573 823 1615 radiorum
841 1573 1103 1616 restastorum.
1167 1573 1309 1629 Quodsi
1328 1585 1436 1626 ergo5

119 1635 250 1688 gradus
278 1636 663 1677 Thermometrorum
695 1637 803 1678 simul
835 1636 1076 1685 obseruentur
1106 1638 1145 1676 in
1177 1637 1333 1677 diuersis.
1357 1636 1437 1677 dim,

124 1696 266 1736 stantiis
285 1730 296 1748 ,
317 1698 414 1738 ratio
431 1697 600 1737 calorum
618 1698 756 1749 ‘horum
775 1700 956 1751 graduum
976 1710 1063 1739 vera
1081 1697 1156 1737 fiue
1193 1699 1318 1751 potius
1353 1709 1418 1750 ex-

121 1758 281 1798 cess‘uum
301 1759 470 1798 calorum
490 1755 594 1812 super
604 1759 780 1800 'calorem
799 1761 837 1799 in
866 1760 999 1801 vmbra
1033 1760 1270 1814 innotescet,
1259 1773 1267 1781 ·
1308 1755 1418 1800 erdnt

122 1821 224 1861 enim
242 1819 403 1861 excessus
420 1821 503 1861 illi
493 1833 529 1861 in
549 1822 681 1862 eadem
701 1822 887 1876 praediea
920 1824 1062 1863 titione
1088 1823 1225 1864 inueriii
1260 1823 1416 1877 quadra-

123 1891 251 1923 torum
271 1882 520 1924 distantiarum
540 1897 560 1924 a
578 1884 684 1925 focis.
706 1885 785 1926 Hos
803 1884 971 1927 excessus
988 1886 1161 1927 calorum
1187 1886 1417 1955 respestiuos

123 1946 262 1986 calores
293 1946 493 1987 nominare
524 1947 666 2012 licebit.

241 2039 275 2088 §.
309 2051 379 2088 32
411 2040 466 2080 Vt
498 2040 668 2094 constet,
701 2043 898 2096 quomodo
927 2045 1145 2088 commode
1180 2043 1255 2089 hae
1292 2005 1428 2088 obser-
1462 2025 1546 2104 Τέῗὲ,
1560 2024 1626 2095 *1⁷¹¹

123 2101 288 2144 nationes
316 2103 451 2147 institui
480 2105 647 2161 possint,
679 2106 865 2161 sequentia
897 2107 1024 2157 addo:

1372 2167 1416 2213 1]
