2052 2668
1126 170 1158 229 )(
1194 185 1250 215 20
1287 168 1319 231 >l

566 286 727 343 leuisque
759 286 929 342 corporis
980 285 1111 328 lunaris
1145 299 1166 328 a
1197 286 1317 339 figura
1360 285 1547 340 sphaerica
1581 286 1768 329 abernatio
1801 287 1880 329 iam

566 355 648 394 fitis
678 353 896 392 notabilem*
934 362 1062 392 motus
1113 351 1267 404 Apogei
1315 349 1622 390 accelerationem
1676 354 1882 406 producere

568 415 662 457 esset
697 417 876 466 inuenta,
915 416 1058 455 merito
1093 416 1127 454 in
1159 414 1335 466 ambiguo
1378 413 1701 468 relinqueremur,
1752 427 1880 456 vtrum

569 492 678 520 verus
705 480 860 532 Apogei
896 489 1021 517 motus
1056 478 1179 531 potius
1198 476 1387 517 Theoti-ae
1440 477 1694 518 Neutmnanae
1743 479 1884 519 felicius

570 544 742 584 euolutac
764 572 774 592 ,
810 553 927 595 quam
960 540 1099 594 figurae
1131 543 1303 595 corporis
1335 539 1464 581 Lunae
1498 542 1587 581 esset
1638 540 1886 583 tribuendus?

568 606 738 647 Praesens
771 606 880 658 igitur
912 604 1102 657 quaestio,
1134 617 1253 658 ‚quam
1288 605 1436 645 Auctor
1469 604 1701 645 traetaudam
1729 604 1885 658 suscepit

569 672 685 710 etiam
722 669 803 723 post
837 668 1139 708 demonstratum
1175 667 1368 709 Tlieoriae
1405 669 1664 710 Neutonianae
1699 682 1788 710 cum
1817 681 1885 709 ve-

568 735 677 774 rit-„ite
715 731 935 773 consensum
989 733 1153 772 maximi
1203 732 1254 772 est
1286 734 1509 780 momenti,
1563 744 1672 786 aque
1709 733 1808 773 adeo
1837 732 1885 773 ad

566 808 656 837 eum
692 797 835 837 vberius
853 796 1102 836 euincenduin
1134 796 1296 836 omnino
1327 796 1376 836 cll
1405 796 1598 836 ncceffiria
1657 793 1759 837 Cum
1780 807 1886 836 enim

568 871 715 901 certum
750 859 823 911 stt,
855 861 880 901 fi
913 871 1050 913 corpus
1083 858 1317 913 sphaericum
1340 861 1473 912 iugiter
1490 860 1536 900 ad
1556 860 1739 912 puntstum
1761 854 1888 899 fixum

565 925 770 965 attrahatur
813 925 850 964 iu
884 925 1027 964 ratione
1060 925 1247 976 reciproca
1281 923 1469 975 duplicata
1508 923 1766 964 distantiarum
1787 955 1798 974 ,
1849 921 1888 962 id

566 989 621 1028 ita
653 990 688 1028 in
719 987 822 1042 elipsi
855 988 969 1028 aliaue
1001 987 1165 1034 sestione
1199 987 1332 1026 conica
1380 997 1532 1026 motum
1570 986 1645 1038 iri,
1697 995 1740 1025 vt
1791 987 1888 1026 linea

568 1052 737 1092 absidum
773 1050 830 1092 scu
875 1052 1013 1105 positio
1048 1051 1128 1091 axis
1178 1049 1392 1090 constanter
1441 1049 1646 1090 immmata
1697 1049 1886 1102 seruetur,

569 1116 781 1170 plurimum
814 1115 989 1170 profesto
1039 1113 1190 1156 interest
1224 1110 1330 1154 nosse
1351 1145 1363 1164 ‚
1418 1126 1510 1154 num
1545 1113 1609 1154 ista
1653 1112 1720 1153 lex
1754 1125 1829 1154 non
1862 1124 1886 1153 a

568 1178 687 1234 figura
725 1181 924 1235 corporis,
962 1179 986 1220 si
1023 1191 1102 1219 non
1138 1177 1248 1218 fuerit
1282 1177 1494 1232 sphaerica,
1546 1175 1819 1231 perturbetur?
1859 1177 1888 1218 si

568 1243 706 1284 scilicet
741 1245 903 1298 singulae
944 1243 1118 1296 corporis
1149 1242 1351 1294 particulae
1386 1240 1510 1281 massis
1548 1241 1614 1280 suis
1664 1244 1889 1294 proportio·

571 1308 706 1348 naliter
737 1309 784 1347 ad
818 1317 991 1347 centrum
1027 1307 1164 1345 virium
1201 1303 1388 1344 sollicitari
1431 1302 1668 1342 assumantur.
1734 1305 1890 1359 Quem-

570 1371 778 1409 admodum
813 1369 916 1407 enim
955 1367 980 1407 si
1014 1379 1151 1419 corpus
1182 1366 1383 1406 attractum
1419 1375 1458 1405 ct
1490 1364 1627 1417 globus
1662 1368 1789 1407 media
1829 1366 1890 1407 di-

571 1431 693 1474 restio
732 1430 1038 1471 sollicitationum
1090 1430 1237 1482 semper
1266 1441 1333 1483 per
1363 1429 1442 1469 cius
1473 1439 1644 1470 centrum
1697 1431 1888 1483 grauitatis

575 1495 732 1545 transit,
765 1496 816 1535 ita
851 1494 874 1535 si
908 1506 1044 1547 corpus
1078 1505 1097 1532 a
1133 1492 1248 1545 figura
1283 1491 1436 1546 globosa
1471 1493 1643 1544 recedit,
1677 1494 1798 1534 media
1828 1493 1889 1534 di-

574 1559 695 1600 rectio
727 1559 763 1599 id
800 1559 1020 1613 plerumque
1064 1558 1406 1610 praetergreditur,
1462 1556 1560 1597 vnde
1604 1555 1681 1606 fit,
1724 1568 1768 1598 vt
1801 1569 1888 1598 cor-

573 1625 660 1678 pori
694 1633 773 1663 tam
829 1633 957 1662 motus
1007 1622 1101 1661 circa
1153 1631 1319 1660 centrum
1372 1621 1562 1673 grauitatis
1614 1620 1888 1674 imprimatur,

575 1699 691 1741 quam
723 1686 799 1726 eius
833 1697 959 1725 motus
1000 1684 1248 1738 progressiuus
1283 1685 1527 1738 perturbetur.
1609 1684 1784 1725 Ollendit
1824 1699 1890 1726 au-

577 1760 594 1790 t
620 1764 659 1790 ui
693 1750 805 1791 Aust<
826 1762 843 1790 t
877 1749 971 1789 lianc
1008 1747 1324 1801 perturbationem
1359 1747 1508 1801 semper
1554 1748 1590 1786 in
1634 1748 1791 1801 aplielio
1831 1753 1891 1794 scu

577 1815 748 1867 Aoogco
780 1812 1012 1867 potill‘iniuni
1048 1812 1150 1851 cerni
1173 1844 1182 1863 ,
1216 1813 1315 1864 quud
1351 1812 1436 1851 inde
1457 1813 1495 1851 in
1514 1810 1774 1864 consequentia
1796 1827 1889 1867 pro-

578 1889 789 1918 mvucatur.
857 1873 1036 1916 Ceterum
1071 1874 1144 1915 hoc
1180 1875 1378 1928 problema
1414 1876 1525 1914 vtict
1550 1874 1710 1928 reliqua,
1731 1879 1887 1929 quacad

576 1952 731 1982 motum
767 1939 892 1979 Lunae
928 1938 1180 1979 definiendum
1218 1939 1436 1991 pertinent,
1469 1937 1585 1977 solutu
1620 1937 1671 1977 cst
1706 1939 1888 1984 difficilli-

577 2016 788 2054 mumsac
821 2004 845 2044 si
877 2005 955 2055 quis
985 2000 1207 2041 soliaiiuirm
1242 2001 1454 2054 generalem
1476 2031 1486 2051 ,
1521 2013 1593 2053 pro
1632 2014 1703 2055 qua
1737 2006 1887 2049 Auctor

577 2068 640 2108 hic
694 2066 891 2119 specialem
925 2066 968 2107 ad
1021 2065 1168 2104 Lunam
1206 2064 1514 2104 accommodauit
1535 2097 1545 2115 ,
1579 2065 1797 2108 desideraret
1818 2102 1828 2119 ,
1848 2072 1884 2112 ci

579 2130 728 2176 lortass'e
761 2134 968 2174 eti-„urinum
1003 2129 1168 2186 perfecte
1201 2127 1367 2170 satisfieri
1401 2140 1476 2169 non
1509 2129 1641 2183 posset.
1685 2131 1884 2188 Quoniam

1771 2197 1886 2251 igitur
