2052 2668
204 187 455 240 SOLVTIO
488 186 891 233 PROBLEMATIS
928 183 1298 233 GEOMETRICI.
1349 200 1434 240 ης

527 297 661 358 Alia
711 295 1082 358 Construffio.

257 396 343 442 Sint
380 396 416 439 C
433 397 469 439 E
501 406 538 437 et
571 395 606 437 C
627 397 656 439 F
690 398 953 438 semidiametri
983 397 1204 450 coniugatio
1223 426 1235 447 ,
1275 391 1448 436 statuatur
1461 408 1520 448 mg.
1545 415 1578 438 ι.

148 464 185 507 E
203 462 245 504 D
263 477 318 504 z
338 463 372 504 E
388 459 423 502 C
445 495 456 514 ‚
487 470 527 501 vt
561 459 595 500 C
615 461 651 501 E
669 459 712 501 D
743 462 785 501 fit
818 462 1041 514 triangulum
1074 459 1236 500 ilosceles
1255 490 1266 510 ,
1313 468 1354 500 et
1385 470 1444 499 ca-

149 529 296 581 piantur
330 527 364 567 E
381 523 419 566 G
439 537 492 564 z:
510 522 547 564 E
564 523 602 564 H
622 537 678 564 z
697 522 730 564 C
749 525 780 566 F
798 557 808 575 ,
827 525 999 578 iungatur
1029 522 1064 564 C
1086 523 1125 564 H
1157 521 1295 575 ipsique
1324 520 1446 576 paral·

148 590 219 632 lela
267 593 417 631 ducatur
452 585 491 629 G
510 586 530 627 I
571 589 714 628 restam
750 585 846 628 ED
878 587 998 627 secans
1028 587 1068 625 in
1102 585 1137 625 Ι.
1204 584 1272 624 Per
1304 582 1324 623 Ι
1359 596 1448 639 aga-

150 662 212 694 tur
245 652 279 694 C
299 653 318 693 1
338 651 371 692 K
392 664 447 690 z
470 648 503 691 C
521 650 557 692 E
578 683 591 701 ‚
642 651 838 703 iunctaque
870 649 908 689 E
926 649 960 689 K
992 648 1169 688 biiecetur
1200 648 1239 686 in
1272 645 1320 686 M
1339 680 1351 699 ,
1373 647 1452 689 ‘erit

149 716 250 756 tetsta
269 713 303 756 C
320 714 366 756 M
401 714 537 768 positio
570 714 717 754 alterius
744 712 827 753 axis
844 743 855 763 ‚
886 711 994 764 eique
1025 707 1336 763 perpendicularis
1367 707 1452 753 CR

150 777 287 831 pofitio
307 778 452 818 alterius
480 777 559 817 axis
590 776 792 829 coniugati.
876 773 941 816 Ex
975 773 1004 814 F
1034 773 1259 813 demittatur
1304 784 1453 825 quoque

152 842 190 881 in
223 838 258 880 C
279 840 324 881 M
359 840 664 894 perpendiculum
698 839 728 879 F
748 837 789 880 N
810 867 821 881 .
869 849 947 890 quo
979 835 1167 890 Ρῐοάιιᾶο
1199 835 1239 875 in
1269 832 1303 873 L
1336 844 1381 875 vt
1412 834 1457 876 fit

154 903 195 946 N
216 902 251 943 L
283 915 340 943 z.-
359 903 389 943 F
408 902 449 945 N
502 910 612 941 erunt
660 901 695 941 E
715 901 748 942 K
797 911 837 939 et
868 900 899 940 F
918 899 953 940 L
1002 900 1195 940 ordinatae
1242 896 1290 938 ad
1338 909 1457 939 axem

157 963 192 1006 C
211 964 256 1006 Μ
281 998 292 1017 ,
330 974 368 1005 et
396 976 485 1004 cum
536 962 680 1016 insuper
728 963 860 1003 dentur
898 972 1094 1015 tangentes
1140 962 1178 1001 in
1212 960 1250 1001 E
1283 969 1323 1000 et
1355 961 1386 1001 F
1418 969 1458 1001 et

156 1029 195 1067 in
234 1026 268 1066 L
289 1058 299 1077 ‚
349 1028 402 1066 est
434 1027 538 1066 enim
590 1035 743 1077 tangens
775 1024 813 1064 E
832 1025 860 1064 P
893 1025 1065 1077 parallela
1097 1022 1183 1065 CF
1215 1033 1255 1063 et
1304 1034 1459 1076 tangens

154 1087 190 1128 L
209 1087 258 1143 Q
278 1087 452 1140 parallela
484 1084 520 1125 C
537 1085 572 1127 K
592 1119 602 1137 ,
637 1086 722 1126 hinc
755 1087 948 1140 Vtriusque
983 1086 1156 1126 semiaxis
1184 1088 1366 1138 quantitas
1403 1084 1458 1124 fit-

157 1151 231 1190 cile
264 1150 543 1190 determinatur.
607 1149 693 1191 Erit
744 1161 884 1202 nempe
913 1149 1008 1189 alter
1044 1148 1217 1190 semiaxis
1247 1144 1281 1187 C
1301 1147 1341 1189 A
1372 1158 1458 1188 me-

157 1213 221 1253 dia
254 1212 547 1266 proportionalis
578 1212 672 1252 inter
706 1209 740 1251 C
761 1212 806 1252 M
838 1220 877 1251 et
909 1209 944 1251 C
963 1213 1017 1262 P,
1067 1222 1108 1252 et
1134 1211 1226 1252 alter
1256 1208 1345 1251 CB
1377 1221 1461 1250 me·

158 1275 217 1315 dia
253 1274 546 1328 proportionalis
579 1274 677 1315 inter
708 1272 743 1314 C
760 1275 798 1317 R
831 1283 868 1314 et
900 1270 935 1314 C
954 1275 1005 1333 Q
1024 1274 1137 1316 dueta
1166 1274 1200 1315 L
1219 1273 1256 1316 R
1287 1273 1335 1314 ad
1367 1268 1402 1314 C
1419 1271 1472 1329 Q

156 1338 470 1393 perpendiculari.

549 1430 678 1490 Alia
721 1425 1094 1487 ConstruCiiO.

247 1520 349 1565 Cum
368 1524 538 1565 diametri
558 1525 774 1578 conjugatae
793 1526 830 1565 in
850 1537 982 1565 centro
1000 1524 1033 1564 se
1053 1526 1099 1566 ad
1123 1524 1274 1578 angulos
1298 1523 1465 1578 obliquO:
1479 1521 1546 1560 mg.
1562 1530 1593 1558 δ’

159 1587 363 1628 intusecent
383 1621 394 1640 ‚
428 1600 591 1638 quorum
625 1590 718 1629 alter
746 1599 902 1639 acutus,
936 1589 1030 1629 alter
1068 1589 1243 1639 obtulus,
1285 1589 1467 1642 eligantur

155 1651 262 1691 binae
306 1651 570 1691 semidiametri
602 1653 819 1705 coniugatae
852 1650 885 1691 C
904 1653 939 1693 E
959 1684 970 1703 ,
1002 1649 1035 1691 C
1055 1652 1084 1693 F
1118 1652 1294 1703 angulum
1314 1661 1467 1692 acutum

160 1713 198 1755 E
216 1711 250 1752 C
269 1712 299 1751 F
332 1714 622 1763 constituentur,
655 1715 899 1765 statuaturque
933 1725 974 1754 vt
1005 1726 1090 1754 ante
1107 1714 1144 1754 E
1161 1712 1205 1754 D
1222 1727 1278 1754 Ξ
1296 1714 1332 1754 Ε
1351 1712 1404 1762 C,
1423 1725 1467 1753 ac

165 1774 230 1814 fiat
261 1771 747 1824 EG2EH-:CF‚
779 1785 857 1814 tum
892 1777 1053 1827 ductae,
1104 1775 1197 1817 CH
1233 1789 1296 1829 per
1326 1773 1365 1816 G
1397 1788 1466 1829 pa-

163 1838 286 1877 rallela
319 1846 447 1888 agatur
480 1833 553 1875 G1
578 1849 584 1872 :
620 1838 817 1891 iuuenique
849 1836 919 1879 CI
952 1839 1103 1891 angulus
1131 1840 1167 1881 E
1187 1838 1259 1880 CI
1293 1838 1468 1880 bisecetut

164 1900 263 1940 rediri
299 1895 333 1937 C
352 1899 391 1939 U
413 1931 422 1949 ‚
463 1911 557 1951 quae
590 1902 746 1953 aequalis
786 1902 951 1954 capiatur
999 1904 1145 1947 mediae
1194 1900 1467 1957 proportionali

166 1963 264 2002 inter
283 1959 317 2001 C
337 1961 423 2002 Eet
456 1959 527 2002 CI
551 1995 560 2012 ‚
595 1964 736 2015 eritque
770 1964 806 1998 ll
843 1966 930 2004 alter
947 1965 1075 2004 focus.-
1104 1967 1206 2006 vnde
1237 1964 1343 2006 fimul
1375 1964 1468 2004 alter

165 2035 188 2063 e
221 2026 373 2078 regione
405 2023 490 2064 fitus
520 2024 742 2077 habebitur:
776 2025 886 2067 Datis
917 2038 1041 2069 autem
1075 2027 1163 2069 focis
1194 2037 1232 2069 et
1265 2027 1405 2081 punito
1430 2029 1470 2067 in

165 2088 282 2142 ellipfi
301 2099 391 2127 axes
423 2088 643 2142 principales
677 2089 782 2128 fietile
815 2090 1046 2144 assignantur.

229 2151 351 2192 Tom.
375 2148 449 2191 111.
473 2150 581 2192 Nov.
607 2149 827 2194 Comment.
1028 2154 1058 2194 F
1075 2154 1099 2194 f
1284 2152 1462 2195 Demon-
