2052 2668
608 228 697 277 364
761 221 1128 268 ΕΜΕἫΜΠΟ
1162 221 1490 268 LATERNAE
1525 225 1797 269 MAcicAE

608 346 645 376 te
677 338 794 379 auersa
835 338 1114 386 illuminantur,
1148 324 1261 388 quam
1295 329 1521 383 ob'caniiim
1559 350 1707 392 quoque
1741 350 1784 378 ea
1804 339 1922 392 pellu-

605 401 686 440 cida
717 401 785 440 eise.
815 403 964 442 debent.
1032 399 1077 440 In
1112 397 1274 439 Lucerna
1296 402 1407 442 euim
1443 402 1595 455 Magica
1630 401 1771 454 figurae
1814 401 1922 456 super

613 464 715 502 vitro
747 464 919 517 depic‘he
952 476 972 502 a
1006 463 1086 503 luce
1120 473 1221 519 pone
1259 474 1320 503 eas
1351 464 1472 518 posita
1523 465 1722 504 illuminari
1773 463 1889 505 solent
1910 497 1922 517 ,

609 525 712 578 quod
745 525 871 566 lumen
906 527 1024 566 etiam
1056 537 1077 565 a
1110 525 1258 578 speculo
1291 524 1457 580 angetur.
1486 527 1533 568 In
1570 526 1831 580 Microscopio
1858 540 1924 568 au-

607 598 686 627 tem
723 586 828 629 solari
860 589 1053 630 obiec‘tum
1087 601 1108 628 a
1142 587 1250 629 radiis
1279 585 1359 629 solis
1389 601 1463 642 ope
1481 590 1614 644 speculi
1638 590 1732 630 inid
1752 589 1922 642 reflexis,

610 661 649 690 et
681 662 750 704 per
784 652 929 693 lentem
963 662 1178 692 connexam
1213 652 1333 704 magis
1364 652 1533 693 collestis
1565 653 1760 693 illustratur
1782 684 1792 704 ,
1813 652 1922 706 idque

611 714 651 753 in
685 726 729 753 ea
761 717 880 756 etiam
914 724 1018 769 parte
1039 746 1050 765 ‚
1081 725 1178 767 quae
1210 726 1232 753 a
1261 713 1363 754 lente
1393 714 1664 768 Microscopica
1697 716 1747 755 est
1788 714 1921 756 euersa.

613 777 715 819 Hinc
751 778 795 824 fit
814 811 826 830 ,
857 787 901 818 vt
931 790 976 818 ea
1005 775 1144 827 facies,
1178 789 1271 830 quae
1304 778 1456 830 proprie
1491 779 1529 818 in
1554 778 1686 832 ‚effigie
1721 777 1928 831 repraesen-

614 840 682 880 tari
713 841 825 881 debet
844 873 856 892 ,
905 852 982 880 non
1021 838 1084 878 nisi
1105 835 1169 878 'ob
1203 838 1499 890 pellucid'itatem
1518 840 1794 891 illuminetur,
1827 849 1868 880 et
1897 840 1927 882 ss

613 905 709 956 quae
743 913 861 956 partes
892 901 964 942 sint
997 910 1137 952 opacae
1155 930 1166 948 ,
1183 910 1246 937 eae
1274 899 1421 951 penitus
1448 891 1704 952 inconspiiciiae
1721 904 1929 954 maneant,

618 965 719 1019 quod
761 964 915 1018 quidem
950 961 1085 1002 vitium
1119 961 1204 1001 iam·
1231 971 1318 1001 ante
1351 960 1403 1002 est
1434 971 1807 1003 commemoratum.
1852 961 1929 1005 Sed

618 1028 864 1081 praecipuum
912 1024 1208 1066 incommodum
1231 1054 1244 1073 ‚
1279 1024 1381 1077 quod
1434 1024 1522 1064 hinc
1555 1024 1711 1066 nascitur
1731 1056 1742 1076 ,
1781 1027 1820 1066 in
1851 1025 1929 1067 hoc

617 1089 779 1131 consistit
795 1122 807 1142 ,
837 1088 940 1144 quod
971 1085 1126 1141 plurimi
1157 1085 1248 1127 radii
1282 1086 1371 1127 lucis
1403 1086 1463 1126 vel
1495 1086 1579 1127 solis
1618 1085 1687 1140 pe'r
1729 1088 1927 1129 'obieRum

619 1161 815 1206 penetrent
832 1184 844 1204 ,
877 1158 988 1205 atque
1038 1147 1205 1190 tabulam
1237 1147 1362 1190 albam
1386 1179 1398 1200 ‚
1433 1149 1575 1203 effigiei
1595 1150 1843 1202 excipiendae
1861 1152 1930 1191 de-

613 1216 780 1256 stinatam
815 1214 1044 1256 illuminent.
1110 1209 1267 1252 const-it
1285 1221 1413 1252 autem
1432 1243 1444 1263 ,
1475 1221 1521 1251 vt
1552 1211 1698 1264 effigies
1727 1213 1767 1252 in
1801 1212 1927 1253 tabula

618 1279 700 1320 alba
730 1271 826 1319 clare
858 1276 1094 1331 exprimatur
1110 1306 1123 1327 ,
1158 1285 1277 1315 omne
1311 1273 1443 1315 lumen
1493 1274 1660 1315 alienum
1693 1275 1739 1315 ab
1769 1274 1841 1317 hac
1872 1284 1931 1317 ta-

619 1342 706 1383 bula
736 1340 891 1384 sollicite
922 1340 1040 1380 arceri
1073 1338 1239 1379 debere:
1273 1338 1323 1378 ita
1355 1347 1398 1378 Vt
1435 1338 1524 1379 nulli
1572 1337 1637 1378 alii
1685 1338 1810 1390 radii,
1862 1339 1930 1381 nifi

619 1405 682 1461 qui
713 1405 767 1446 ab·
789 1403 868 1459 ip'so
900 1402 1058 1444 obieeto
1107 1401 1361 1453 emittuntur,
1412 1401 1566 1456 eiusque
1616 1401 1715 1455 qnasi
1749 1400 1929 1458 *sprmam

619 1464 822 1511 continent
841 1499 853 1518 ,
883 1467 922 1507 in
941 1462 1121 1507 ⁴tabulam
1154 1464 1331 1505 incidant.
1393 1463 1461 1504 Ex
1494 1475 1569 1518 quo
1587 1464 1835 1516 intelligitur-5
1870 1475 1931 1505 re-

621 1523 961 1584 praesentationem
994 1525 1136 1580 effigiei
1169 1526 1208 1566 in
1241 1526 1363 1566 tabula
1394 1527 1478 1566 alba
1509 1526 1560 1566 ob
1579 1525 1670 1566 istud
1690 1526 1818 1567 lumen
1843 1527 1930 1568 alie-

622 1605 714 1633 num
748 1605 770 1633 a
803 1593 884 1634 luce
916 1591 979 1631 vel
1010 1590 1085 1630 sole
1119 1588 1346 1639 immediate
1380 1587 1600 1642 profectum
1648 1600 1727 1629 non
1779 1590 1931 1632 medio-

625 1657 734 1697 criter
764 1654 910 1708 infringi
944 1654 1093 1694 debere.

740 1718 775 1766 §.
813 1730 856 1767 3.
892 1715 1072 1770 Denique
1102 1714 1144 1754 hi
1172 1714 1265 1754 radii
1301 1714 1411 1754 alieni
1461 1714 1627 1755 tabulam
1677 1715 1933 1765 illuminata

624 1780 766 1822 ibidem
799 1778 1010 1833 imaginem
1043 1774 1231 1832 quandam
1263 1775 1452 1816 consufiim
1485 1775 1574 1816 lucis
1605 1777 1669 1817 vel
1701 1777 1787 1819 stilis·
1821 1778 1932 1820 exhi-

626 1845 769 1886 bebunt
788 1876 799 1896 ,
830 1854 926 1897 quae
958 1842 1113 1896 quidem
1146 1840 1183 1880 in
1231 1837 1400 1880 Laternis
1441 1838 1599 1893 Magicis
1627 1840 1752 1881 lente'*
1760 1841 1930 1895 peculiari

624 1908 690 1962 ipsi
722 1906 876 1948 obiecto
916 1906 1093 1959 contigua
1143 1902 1263 1956 magis
1311 1900 1456 1943 confiisa
1504 1903 1697 1955 redditur,
1746 1913 1793 1944 vt
1831 1904 1934 1946 nulla

627 1972 810 2012 flammae
841 1967 981 2023 species
1012 1967 1260 2009 determinata
1291 1963 1458 2019 dignosci
1490 1975 1613 2019 queat.
1678 1966 1843 2008 Interim
1875 1976 1928 2009 ta·

627 2047 717 2074 men
753 2044 940 2087 vtcunque
972 2032 1036 2072 ista
1069 2031 1212 2084 imago>
1232 2030 1338 2070 fuerit
1369 2027 1516 2068 confusa
1535 2061 1546 2080 ‚
1599 2042 1644 2070 ea
1677 2030 1825 2084 (emper
1860 2031 1932 2072 erit

614 2097 779 2151 ‘imagini
812 2108 922 2136 verae
955 2095 1146 2148 permixta
1166 2125 1177 2144 ,
1208 2099 1379 2145 ¹eamque
1431 2102 1661 2146 corrumpet.
1741 2093 1932 2135 Praeterea

627 2173 723 2203 vero
755 2159 796 2202 hi
828 2159 921 2201 radii
955 2159 1007 2199 ob
1039 2156 1229 2198 diuerffim
1255 2155 1600 2209 refrangibilitatem
1633 2155 1850 2213 imaginem'
1871 2156 1934 2195 di-

1824 2217 1932 2261 uersis
