2052 2668
558 165 644 206 3¹2
708 143 1136 194 EXPERIMENTA
1169 139 1252 190 ΕΤ
1277 140 1731 200 -OOGITATIONESJ
1785 139 1868 189 ΣΞ

1836 181 1868 197 ἦ

553 265 837 314 cohaerentiam
871 263 1061 304 maiorem
1094 258 1341 314 coniunctam
1368 271 1479 302 cum
1499 258 1678 300 densitate
1698 258 1870 303 maiori.

554 328 794 371 Deufituem
816 338 919 368 certe
953 327 1100 377 solam,
1135 323 1323 369 maiorem
1351 323 1420 366 vel
1453 324 1681 375 minorem,
1699 333 1784 382 non
1796 319 1872 362 ess‘e

554 392 822 434 conditionem
858 389 1012 430 maioris
1042 386 1105 428 vel
1138 386 1297 428 minoris
1325 387 1534 446 tenacitatis
1561 385 1728 436 caloris,
1748 397 1802 439 ex
1819 383 1873 426 se-

556 454 758 509 quentibus
800 450 1090 522 Experimentis
1125 449 1276 491 videtur
1306 440 1519 508 apparere;
1568 461 1660 504 quae
1695 415 1795 489 sorte
1827 447 1875 489 ad

558 519 656 572 leges
686 514 1050 559 communicationis
1079 512 1214 555 caloris
1242 511 1476 556 diuersorum
1511 524 1722 567 corporum
1742 523 1876 553 eruen-

553 583 654 631 das,
687 579 829 632 aliquid
861 579 1033 620 conterre
1064 584 1275 631 poterunt,
1307 576 1348 618 iu
1377 588 1471 635 quit,
1478 577 1640 624 materia
1672 576 1712 616 in
1745 561 1878 631 Physi-

552 646 609 691 cis
636 655 772 698 parum
807 633 907 694 mihi
937 640 1156 695 praestitum
1191 633 1266 681 esse
1299 641 1476 683 videtur·
1467 670 1480 692 ,
1514 651 1628 694 quare
1662 639 1779 680 etiam
1801 639 1876 680 im-

552 708 787 761 posterum,
821 704 1017 760 quomodo
1046 702 1161 744 solida
1195 702 1332 744 diuersa
1369 700 1534 744 calorem
1583 702 1877 745 communicent

557 773 658 812 inter
683 768 725 810 —se
755 779 796 811 et
827 781 919 811 cum
951 767 1073 809 fluidis
1091 798 1102 819 ‚
1133 767 1356 807 examinare
1388 767 1536 806 animus
1567 765 1634 806 est.

1022 855 1315 936 Experim.
1360 851 1401 911 Ι.

674 952 714 1000 5.
756 967 794 997 1.
829 945 950 1008 Elcgi
991 952 1038 1010 ι)
1071 954 1150 994 duo
1201 951 1287 993 vaih
1318 953 1442 993 vitrea
1475 947 1878 1003 cylindricaeiusdem

557 1021 763 1070 diametri,
811 1019 1016 1060 altitudinis
1064 1025 1104 1056 et
1152 1015 1321 1058 craffitiei
1339 1047 1351 1068 ,
1409 1010 1618 1071 (diameter
1664 1010 1880 1070 capacitatis

559 1086 750 1138 vtriusque
781 1092 863 1123 erat
899 1094 938 1122 2.
973 1082 1050 1135 dig.
1083 1078 1209 1121 Lond.
1261 1088 1300 1118 et
1331 1078 1490 1119 altitudo
1522 1076 1690 1131 quinque
1729 1079 1879 1133 digito·

560 1147 668 1202 rum)
689 1179 699 1198 ,
721 1156 759 1186 et
789 1144 955 1197 suspendi
989 1157 1033 1185 ea
1065 1145 1144 1194 ita,
1187 1152 1229 1182 vt
1258 1141 1306 1181 ab
1339 1143 1428 1182 a‘e're
1461 1139 1667 1193 temperiei
1700 1143 1756 1190 65
1792 1153 1880 1196 gm-

563 1212 679 1251 duum
714 1209 879 1250 Therm.
915 1208 958 1248 F.
1010 1206 1330 1258 contingerentur.
1413 1199 1461 1258 2)
1492 1202 1569 1243 Vni
1607 1202 1784 1246 vasorum
1819 1204 1882 1246 iu-

555 1274 639 1314 -fudi
658 1282 856 1325 argentum
883 1272 1015 1312 viuum
1036 1269 1186 1326 ,(c11ius
1219 1269 1379 1322 grauitas
1430 1265 1603 1320 specifica
1646 1266 1692 1309 ad
1723 1268 1882 1322 grauita-

561 1347 644 1378 tem
666 1335 763 1390 spec.
785 1347 902 1389 aquae
921 1344 1001 1375 enit
1019 1366 1032 1385 ‚
1065 1337 1108 1374 vt
1145 1345 1195 1383 13
1221 1364 1231 1384 ,
1270 1339 1326 1382 57
1349 1346 1356 1370 ;
1397 1343 1414 1369 1
1433 1331 1446 1387 )
1469 1361 1481 1382 ‚
1516 1341 1630 1383 vsque
1650 1331 1695 1371 ad
1715 1323 1881 1373 altitudi-

565 1413 653 1441 nem
689 1400 848 1440 duorum
879 1398 1090 1451 digitorum
1122 1405 1161 1436 et
1194 1408 1225 1445 4
1258 1395 1437 1435 linearum
1457 1426 1469 1446 ‚
1502 1403 1541 1433 et
1571 1393 1725 1434 calefeci
1756 1393 1846 1434 illud
1867 1425 1879 1444 ‚

564 1462 672 1505 alteri
709 1472 846 1513 aquam
879 1460 1038 1500 calidam
1072 1458 1119 1498 ad
1153 1457 1316 1497 eandem
1337 1456 1588 1498 altitudinem.
1627 1454 1673 1510 3)
1704 1455 1880 1498 immersi

566 1526 712 1577 vtrique
745 1523 880 1563 massae
915 1522 1260 1577 Tbhermometrum
1296 1520 1512 1560 mercuriale
1529 1518 1575 1560 ad
1604 1519 1767 1561 eandem
1789 1532 1880 1574 pro-

565 1587 787 1631 funditatem
809 1618 821 1637 ,
854 1596 1019 1640 cumque
1050 1582 1284 1626 obseruarem
1307 1614 1318 1633 ,
1351 1579 1639 1637 discrepantiam
1659 1583 1793 1625 caloris
1823 1583 1881 1625 in-

567 1652 713 1700 dicari,
745 1648 853 1689 effeci
886 1648 1031 1688 maiore
1065 1647 1190 1703 calore
1232 1644 1414 1698 frigidiori
1467 1643 1605 1685 mais-ae
1657 1646 1881 1698 adplicato,

568 1727 612 1756 vt
645 1712 884 1765 discrepantia
919 1710 1017 1750 nulla
1035 1716 1246 1763 appareret.
1282 1705 1328 1761 4)
1364 1706 1515 1747 Not-are
1549 1707 1706 1759 incepi,
1725 1711 1761 1757 a)
1783 1719 1883 1748 tem-

568 1790 633 1832 pus
663 1775 906 1817 decrescentis
925 1773 1054 1813 caloris
1073 1805 1084 1823 ,
1118 1769 1158 1826 b)
1191 1771 1350 1824 gradum
1370 1770 1503 1810 caloris
1520 1781 1658 1823 aquae,
1674 1778 1716 1811 ‚et
1748 1768 1786 1826 c)
1813 1770 1881 1812 de-

568 1849 806 1882 crementum
841 1837 973 1878 caloris
1005 1847 1120 1890 aquae
1157 1833 1241 1888 post
1276 1833 1436 1886 quoduis
1475 1833 1658 1886 temporis
1706 1833 1883 1876 interual-

570 1906 648 1945 lum
702 1904 748 1942 αἱ)
784 1901 892 1941 initio
942 1897 1210 1940 obscurationis
1231 1929 1242 1948 ,
1273 1893 1313 1950 d)
1344 1895 1504 1950 gradum
1555 1896 1686 1937 caloris
1735 1898 1882 1950 argenti

572 1968 649 2007 viui
669 1997 679 2015 ,
701 1975 738 2004 ct
756 1963 793 2019 e)
825 1965 1127 2019 decrementum*
1147 1961 1332 2016 graduum
1365 1959 1499 2000 caloris
1531 1959 1672 2012 argenti
1706 1960 1782 2002 viui
1801 1959 1883 2015 post

569 2039 721 2084 tempus
753 2025 955 2074 definitum
979 2057 990 2077 ,
1026 2028 1082 2067 vti
1115 2037 1166 2065 ex
1200 2022 1359 2077 sequenti
1394 2021 1538 2064 Tabula
1575 2022 1703 2065 videre
1735 2023 1799 2067 est.

1796 2143 1882 2192 Post
