<?xml version="1.0" encoding="UTF-8"?>
<!DOCTYPE html PUBLIC "-//W3C//DTD XHTML 1.0 Transitional//EN"
    "http://www.w3.org/TR/xhtml1/DTD/xhtml1-transitional.dtd">
<html xmlns="http://www.w3.org/1999/xhtml" xml:lang="en" lang="en">
 <head>
  <title>
</title>
<meta http-equiv="Content-Type" content="text/html;charset=utf-8" />
  <meta name='ocr-system' content='tesseract 3.04.00' />
  <meta name='ocr-capabilities' content='ocr_page ocr_carea ocr_par ocr_line ocrx_word'/>
</head>
<body>
  <div class='ocr_page' id='page_1' title='image "./novicommentariac03impe_0377.png"; bbox 0 0 2052 2668; ppageno 0'>
   <div class='ocr_carea' id='block_1_1' title="bbox 454 213 1463 274">
    <p class='ocr_par' dir='ltr' id='par_1_1' title="bbox 454 213 1463 274">
     <span class='ocr_line' id='line_1_1' title="bbox 454 213 1463 274; baseline 0.003 -14"><span class='ocrx_word' id='word_1_1' title='bbox 454 215 540 260; x_wconf 85' lang='lat' dir='ltr'>DE</span> <span class='ocrx_word' id='word_1_2' title='bbox 574 213 853 261; x_wconf 83' lang='lat' dir='ltr'><em>ARGENTO</em></span> <span class='ocrx_word' id='word_1_3' title='bbox 888 217 1042 265; x_wconf 70' lang='lat' dir='ltr'><em>VIVO.</em></span> <span class='ocrx_word' id='word_1_4' title='bbox 1375 238 1463 274; x_wconf 75' lang='lat'>329</span> 
     </span>
    </p>
   </div>
   <div class='ocr_carea' id='block_1_2' title="bbox 164 329 1472 1265">
    <p class='ocr_par' dir='ltr' id='par_1_2' title="bbox 282 329 1086 385">
     <span class='ocr_line' id='line_1_2' title="bbox 282 329 1086 385; baseline 0.001 -15"><span class='ocrx_word' id='word_1_5' title='bbox 282 333 317 381; x_wconf 63' lang='grc' dir='ltr'>ξ.</span> <span class='ocrx_word' id='word_1_6' title='bbox 357 343 378 381; x_wconf 83' lang='grc'>3</span> <span class='ocrx_word' id='word_1_7' title='bbox 392 343 409 368; x_wconf 90' lang='lat'>1</span> <span class='ocrx_word' id='word_1_8' title='bbox 422 363 431 372; x_wconf 92' lang='lat'>.</span> <span class='ocrx_word' id='word_1_9' title='bbox 472 330 516 371; x_wconf 89' lang='lat' dir='ltr'>In</span> <span class='ocrx_word' id='word_1_10' title='bbox 551 329 769 383; x_wconf 82' lang='lat' dir='ltr'>corporibus</span> <span class='ocrx_word' id='word_1_11' title='bbox 800 329 1058 385; x_wconf 81' lang='lat' dir='ltr'>heterogeneis</span> <span class='ocrx_word' id='word_1_12' title='bbox 1078 346 1086 371; x_wconf 93' lang='lat'>:</span> 
     </span>
    </p>

    <p class='ocr_par' dir='ltr' id='par_1_3' title="bbox 164 394 1472 816">
     <span class='ocr_line' id='line_1_3' title="bbox 183 394 1465 451; baseline 0.003 -17"><span class='ocrx_word' id='word_1_13' title='bbox 183 423 185 425; x_wconf 92' lang='lat'>-</span> <span class='ocrx_word' id='word_1_14' title='bbox 231 394 283 451; x_wconf 55' lang='lat' dir='ltr'>(q)</span> <span class='ocrx_word' id='word_1_15' title='bbox 295 396 409 438; x_wconf 81' lang='lat' dir='ltr'>Ratio</span> <span class='ocrx_word' id='word_1_16' title='bbox 427 406 607 449; x_wconf 89' lang='lat' dir='ltr'>pororum</span> <span class='ocrx_word' id='word_1_17' title='bbox 628 394 672 432; x_wconf 79' lang='lat' dir='ltr'>ad</span> <span class='ocrx_word' id='word_1_18' title='bbox 694 395 886 434; x_wconf 80' lang='lat' dir='ltr'>materiam</span> <span class='ocrx_word' id='word_1_19' title='bbox 905 396 1135 434; x_wconf 76' lang='lat' dir='ltr'>constantem</span> <span class='ocrx_word' id='word_1_20' title='bbox 1156 407 1230 435; x_wconf 85' lang='lat' dir='ltr'>non</span> <span class='ocrx_word' id='word_1_21' title='bbox 1251 397 1301 437; x_wconf 82' lang='lat' dir='ltr'>est</span> <span class='ocrx_word' id='word_1_22' title='bbox 1317 397 1465 449; x_wconf 81' lang='lat' dir='ltr'>eadem,</span> 
     </span>
     <span class='ocr_line' id='line_1_4' title="bbox 169 458 1470 514; baseline 0.002 -14"><span class='ocrx_word' id='word_1_23' title='bbox 169 472 285 514; x_wconf 80' lang='lat' dir='ltr'>neque</span> <span class='ocrx_word' id='word_1_24' title='bbox 306 459 505 499; x_wconf 82' lang='lat' dir='ltr'>multitudo</span> <span class='ocrx_word' id='word_1_25' title='bbox 523 468 706 510; x_wconf 79' lang='lat' dir='ltr'>porosum</span> <span class='ocrx_word' id='word_1_26' title='bbox 727 458 765 496; x_wconf 83' lang='lat' dir='ltr'>in</span> <span class='ocrx_word' id='word_1_27' title='bbox 786 470 864 496; x_wconf 85' lang='lat' dir='ltr'>vno</span> <span class='ocrx_word' id='word_1_28' title='bbox 882 470 1043 512; x_wconf 81' lang='lat' dir='ltr'>corpore</span> <span class='ocrx_word' id='word_1_29' title='bbox 1064 460 1224 511; x_wconf 64' lang='lat' dir='ltr'>aequalis</span> <span class='ocrx_word' id='word_1_30' title='bbox 1242 462 1294 501; x_wconf 79' lang='lat' dir='ltr'>est</span> <span class='ocrx_word' id='word_1_31' title='bbox 1310 462 1470 502; x_wconf 74' lang='lat' dir='ltr'>uecefflt-</span> 
     </span>
     <span class='ocr_line' id='line_1_5' title="bbox 170 520 1469 573; baseline 0.002 -10"><span class='ocrx_word' id='word_1_32' title='bbox 170 525 228 563; x_wconf 89' lang='lat' dir='ltr'>rio</span> <span class='ocrx_word' id='word_1_33' title='bbox 247 522 472 563; x_wconf 83' lang='lat' dir='ltr'>multitudini</span> <span class='ocrx_word' id='word_1_34' title='bbox 498 532 682 573; x_wconf 86' lang='lat' dir='ltr'>pororum</span> <span class='ocrx_word' id='word_1_35' title='bbox 718 520 757 558; x_wconf 86' lang='lat' dir='ltr'>iu</span> <span class='ocrx_word' id='word_1_36' title='bbox 791 520 865 560; x_wconf 81' lang='lat' dir='ltr'>alio</span> <span class='ocrx_word' id='word_1_37' title='bbox 883 553 894 572; x_wconf 88' lang='lat'>,</span> <span class='ocrx_word' id='word_1_38' title='bbox 947 522 972 562; x_wconf 90' lang='lat' dir='ltr'>s1</span> <span class='ocrx_word' id='word_1_39' title='bbox 1010 522 1069 561; x_wconf 86' lang='lat' dir='ltr'>vel</span> <span class='ocrx_word' id='word_1_40' title='bbox 1088 524 1262 564; x_wconf 64' lang='lat' dir='ltr'>maxime</span> <span class='ocrx_word' id='word_1_41' title='bbox 1279 526 1469 565; x_wconf 69' lang='lat' dir='ltr'>densitates</span> 
     </span>
     <span class='ocr_line' id='line_1_6' title="bbox 169 581 1466 642; baseline 0.002 -16"><span class='ocrx_word' id='word_1_42' title='bbox 169 587 237 626; x_wconf 77' lang='lat' dir='ltr'>sint</span> <span class='ocrx_word' id='word_1_43' title='bbox 273 587 424 626; x_wconf 86' lang='lat' dir='ltr'>eaedem</span> <span class='ocrx_word' id='word_1_44' title='bbox 438 617 447 635; x_wconf 89' lang='lat'>‚</span> <span class='ocrx_word' id='word_1_45' title='bbox 466 594 506 623; x_wconf 89' lang='lat' dir='ltr'>et</span> <span class='ocrx_word' id='word_1_46' title='bbox 540 584 733 623; x_wconf 77' lang='lat' dir='ltr'>volumina</span> <span class='ocrx_word' id='word_1_47' title='bbox 753 581 1003 624; x_wconf 76' lang='lat' dir='ltr'>Geometrica</span> <span class='ocrx_word' id='word_1_48' title='bbox 1038 587 1172 625; x_wconf 74' lang='lat' dir='ltr'>eadtm</span> <span class='ocrx_word' id='word_1_49' title='bbox 1185 619 1195 638; x_wconf 75' lang='lat'>‚</span> <span class='ocrx_word' id='word_1_50' title='bbox 1214 598 1250 626; x_wconf 89' lang='lat' dir='ltr'>et</span> <span class='ocrx_word' id='word_1_51' title='bbox 1269 588 1351 628; x_wconf 86' lang='lat' dir='ltr'>iude</span> <span class='ocrx_word' id='word_1_52' title='bbox 1370 601 1466 642; x_wconf 82' lang='lat' dir='ltr'>pen-</span> 
     </span>
     <span class='ocr_line' id='line_1_7' title="bbox 167 647 1469 706; baseline 0.002 -17"><span class='ocrx_word' id='word_1_53' title='bbox 167 650 255 689; x_wconf 87' lang='lat' dir='ltr'>dere</span> <span class='ocrx_word' id='word_1_54' title='bbox 289 649 409 701; x_wconf 81' lang='lat' dir='ltr'>potest</span> <span class='ocrx_word' id='word_1_55' title='bbox 427 647 587 706; x_wconf 41' lang='lat' dir='ltr'>&#39;infinit-„1</span> <span class='ocrx_word' id='word_1_56' title='bbox 625 648 807 696; x_wconf 83' lang='lat' dir='ltr'>varietas,</span> <span class='ocrx_word' id='word_1_57' title='bbox 849 656 889 685; x_wconf 89' lang='lat' dir='ltr'>et</span> <span class='ocrx_word' id='word_1_58' title='bbox 924 647 1062 686; x_wconf 73' lang='lat' dir='ltr'>multae</span> <span class='ocrx_word' id='word_1_59' title='bbox 1089 647 1335 702; x_wconf 79' lang='lat' dir='ltr'>discrepantes</span> <span class='ocrx_word' id='word_1_60' title='bbox 1377 661 1469 705; x_wconf 87' lang='lat' dir='ltr'>pro-</span> 
     </span>
     <span class='ocr_line' id='line_1_8' title="bbox 167 709 1472 767; baseline 0.003 -16"><span class='ocrx_word' id='word_1_61' title='bbox 167 714 335 766; x_wconf 78' lang='lat' dir='ltr'>prietates</span> <span class='ocrx_word' id='word_1_62' title='bbox 351 742 362 761; x_wconf 83' lang='lat'>,</span> <span class='ocrx_word' id='word_1_63' title='bbox 397 723 489 763; x_wconf 71' lang='lat' dir='ltr'>quae</span> <span class='ocrx_word' id='word_1_64' title='bbox 522 710 673 749; x_wconf 84' lang='lat' dir='ltr'>efficere</span> <span class='ocrx_word' id='word_1_65' title='bbox 708 709 837 748; x_wconf 82' lang='lat' dir='ltr'>valent</span> <span class='ocrx_word' id='word_1_66' title='bbox 855 740 866 759; x_wconf 86' lang='lat'>,</span> <span class='ocrx_word' id='word_1_67' title='bbox 887 717 930 748; x_wconf 86' lang='lat' dir='ltr'>vt</span> <span class='ocrx_word' id='word_1_68' title='bbox 946 721 1109 761; x_wconf 82' lang='lat' dir='ltr'>corpora</span> <span class='ocrx_word' id='word_1_69' title='bbox 1144 713 1255 752; x_wconf 75' lang='lat' dir='ltr'>calori</span> <span class='ocrx_word' id='word_1_70' title='bbox 1274 714 1392 767; x_wconf 79' lang='lat' dir='ltr'>magis</span> <span class='ocrx_word' id='word_1_71' title='bbox 1412 714 1472 755; x_wconf 83' lang='lat' dir='ltr'>vel</span> 
     </span>
     <span class='ocr_line' id='line_1_9' title="bbox 164 771 733 816; baseline -0.007 -1"><span class='ocrx_word' id='word_1_72' title='bbox 164 776 289 816; x_wconf 87' lang='lat' dir='ltr'>minus</span> <span class='ocrx_word' id='word_1_73' title='bbox 321 775 489 814; x_wconf 75' lang='lat' dir='ltr'>obnoxia</span> <span class='ocrx_word' id='word_1_74' title='bbox 522 771 733 812; x_wconf 80' lang='lat' dir='ltr'>reddantur.</span> 
     </span>
    </p>

    <p class='ocr_par' dir='ltr' id='par_1_4' title="bbox 164 834 1470 1265">
     <span class='ocr_line' id='line_1_10' title="bbox 230 834 1464 890; baseline 0.002 -14"><span class='ocrx_word' id='word_1_75' title='bbox 230 836 287 890; x_wconf 80' lang='lat' dir='ltr'>(b)</span> <span class='ocrx_word' id='word_1_76' title='bbox 305 834 476 888; x_wconf 87' lang='lat' dir='ltr'>Corpora</span> <span class='ocrx_word' id='word_1_77' title='bbox 495 836 745 885; x_wconf 83' lang='lat' dir='ltr'>heterogenea</span> <span class='ocrx_word' id='word_1_78' title='bbox 757 867 766 884; x_wconf 87' lang='lat'>‚</span> <span class='ocrx_word' id='word_1_79' title='bbox 786 846 878 886; x_wconf 82' lang='lat' dir='ltr'>quae</span> <span class='ocrx_word' id='word_1_80' title='bbox 896 835 1075 874; x_wconf 77' lang='lat' dir='ltr'>denfimte</span> <span class='ocrx_word' id='word_1_81' title='bbox 1094 834 1270 877; x_wconf 74' lang='lat' dir='ltr'>differunt</span> <span class='ocrx_word' id='word_1_82' title='bbox 1287 871 1297 890; x_wconf 82' lang='lat'>,</span> <span class='ocrx_word' id='word_1_83' title='bbox 1325 839 1386 878; x_wconf 87' lang='lat' dir='ltr'>sub</span> <span class='ocrx_word' id='word_1_84' title='bbox 1405 851 1464 879; x_wconf 82' lang='lat' dir='ltr'>ae-</span> 
     </span>
     <span class='ocr_line' id='line_1_11' title="bbox 166 894 1470 954; baseline 0.003 -15"><span class='ocrx_word' id='word_1_85' title='bbox 166 900 332 954; x_wconf 72' lang='lat' dir='ltr'>qualibus</span> <span class='ocrx_word' id='word_1_86' title='bbox 349 898 602 938; x_wconf 80' lang='lat' dir='ltr'>voluminibus</span> <span class='ocrx_word' id='word_1_87' title='bbox 621 894 878 937; x_wconf 77' lang='lat' dir='ltr'>Geometricis</span> <span class='ocrx_word' id='word_1_88' title='bbox 896 896 1035 937; x_wconf 83' lang='lat' dir='ltr'>habent</span> <span class='ocrx_word' id='word_1_89' title='bbox 1052 901 1271 951; x_wconf 78' lang='lat' dir='ltr'>quantitates</span> <span class='ocrx_word' id='word_1_90' title='bbox 1289 902 1470 942; x_wconf 81' lang='lat' dir='ltr'>materiae</span> 
     </span>
     <span class='ocr_line' id='line_1_12' title="bbox 164 958 1469 1013; baseline 0.002 -11"><span class='ocrx_word' id='word_1_91' title='bbox 164 962 364 1002; x_wconf 79' lang='lat' dir='ltr'>constantis</span> <span class='ocrx_word' id='word_1_92' title='bbox 381 962 419 999; x_wconf 88' lang='lat' dir='ltr'>in</span> <span class='ocrx_word' id='word_1_93' title='bbox 445 961 587 999; x_wconf 82' lang='lat' dir='ltr'>ratione</span> <span class='ocrx_word' id='word_1_94' title='bbox 607 959 842 999; x_wconf 83' lang='lat' dir='ltr'>denfitatum.</span> <span class='ocrx_word' id='word_1_95' title='bbox 863 958 903 998; x_wconf 90' lang='lat' dir='ltr'>Si</span> <span class='ocrx_word' id='word_1_96' title='bbox 923 960 1130 1013; x_wconf 75' lang='lat' dir='ltr'>superficies</span> <span class='ocrx_word' id='word_1_97' title='bbox 1147 964 1260 1003; x_wconf 77' lang='lat' dir='ltr'>etiam</span> <span class='ocrx_word' id='word_1_98' title='bbox 1287 963 1368 1005; x_wconf 88' lang='lat' dir='ltr'>sunt</span> <span class='ocrx_word' id='word_1_99' title='bbox 1402 977 1469 1005; x_wconf 87' lang='lat' dir='ltr'>ae-</span> 
     </span>
     <span class='ocr_line' id='line_1_13' title="bbox 167 1021 1467 1077; baseline 0.005 -14"><span class='ocrx_word' id='word_1_100' title='bbox 167 1025 307 1075; x_wconf 77' lang='lat' dir='ltr'>quales,</span> <span class='ocrx_word' id='word_1_101' title='bbox 326 1021 534 1073; x_wconf 82' lang='lat' dir='ltr'>superficies</span> <span class='ocrx_word' id='word_1_102' title='bbox 553 1023 731 1059; x_wconf 81' lang='lat' dir='ltr'>materiae</span> <span class='ocrx_word' id='word_1_103' title='bbox 750 1022 947 1061; x_wconf 66' lang='lat' dir='ltr'>constantis</span> <span class='ocrx_word' id='word_1_104' title='bbox 965 1025 1077 1062; x_wconf 82' lang='lat' dir='ltr'>etiam</span> <span class='ocrx_word' id='word_1_105' title='bbox 1099 1023 1251 1077; x_wconf 78' lang='lat' dir='ltr'>possunt</span> <span class='ocrx_word' id='word_1_106' title='bbox 1267 1028 1337 1066; x_wconf 86' lang='lat' dir='ltr'>effe</span> <span class='ocrx_word' id='word_1_107' title='bbox 1355 1029 1392 1068; x_wconf 90' lang='lat' dir='ltr'>in</span> <span class='ocrx_word' id='word_1_108' title='bbox 1411 1041 1467 1069; x_wconf 80' lang='lat' dir='ltr'>ra-</span> 
     </span>
     <span class='ocr_line' id='line_1_14' title="bbox 165 1083 1470 1142; baseline 0.006 -19"><span class='ocrx_word' id='word_1_109' title='bbox 165 1085 268 1124; x_wconf 82' lang='lat' dir='ltr'>tione</span> <span class='ocrx_word' id='word_1_110' title='bbox 287 1084 508 1123; x_wconf 77' lang='lat' dir='ltr'>demiratum</span> <span class='ocrx_word' id='word_1_111' title='bbox 531 1116 541 1135; x_wconf 77' lang='lat'>,</span> <span class='ocrx_word' id='word_1_112' title='bbox 563 1083 638 1123; x_wconf 87' lang='lat' dir='ltr'>hoc</span> <span class='ocrx_word' id='word_1_113' title='bbox 657 1083 738 1122; x_wconf 78' lang='lat' dir='ltr'>casu</span> <span class='ocrx_word' id='word_1_114' title='bbox 758 1084 912 1123; x_wconf 78' lang='lat' dir='ltr'>materia</span> <span class='ocrx_word' id='word_1_115' title='bbox 951 1088 1139 1126; x_wconf 84' lang='lat' dir='ltr'>mouenda</span> <span class='ocrx_word' id='word_1_116' title='bbox 1175 1089 1321 1128; x_wconf 61' lang='lat' dir='ltr'>aetione</span> <span class='ocrx_word' id='word_1_117' title='bbox 1372 1091 1470 1142; x_wconf 83' lang='lat' dir='ltr'>ignis</span> 
     </span>
     <span class='ocr_line' id='line_1_15' title="bbox 167 1147 1467 1206; baseline 0.005 -19"><span class='ocrx_word' id='word_1_118' title='bbox 167 1149 274 1187; x_wconf 75' lang='lat' dir='ltr'>vuius</span> <span class='ocrx_word' id='word_1_119' title='bbox 290 1149 460 1199; x_wconf 82' lang='lat' dir='ltr'>corporis</span> <span class='ocrx_word' id='word_1_120' title='bbox 479 1148 549 1186; x_wconf 91' lang='lat' dir='ltr'>erit</span> <span class='ocrx_word' id='word_1_121' title='bbox 566 1147 609 1186; x_wconf 84' lang='lat' dir='ltr'>ad</span> <span class='ocrx_word' id='word_1_122' title='bbox 631 1148 831 1186; x_wconf 82' lang='lat' dir='ltr'>materiam</span> <span class='ocrx_word' id='word_1_123' title='bbox 853 1148 1085 1188; x_wconf 78' lang='lat' dir='ltr'>mouendam</span> <span class='ocrx_word' id='word_1_124' title='bbox 1106 1149 1272 1203; x_wconf 80' lang='lat' dir='ltr'>alterius,</span> <span class='ocrx_word' id='word_1_125' title='bbox 1286 1162 1328 1192; x_wconf 86' lang='lat' dir='ltr'>vt</span> <span class='ocrx_word' id='word_1_126' title='bbox 1345 1152 1467 1206; x_wconf 87' lang='lat' dir='ltr'>super-</span> 
     </span>
     <span class='ocr_line' id='line_1_16' title="bbox 165 1209 1470 1265; baseline 0.005 -15"><span class='ocrx_word' id='word_1_127' title='bbox 165 1209 269 1250; x_wconf 88' lang='lat' dir='ltr'>ficies</span> <span class='ocrx_word' id='word_1_128' title='bbox 286 1210 376 1249; x_wconf 73' lang='lat' dir='ltr'>illius</span> <span class='ocrx_word' id='word_1_129' title='bbox 392 1211 437 1250; x_wconf 79' lang='lat' dir='ltr'>ad</span> <span class='ocrx_word' id='word_1_130' title='bbox 456 1209 685 1262; x_wconf 82' lang='lat' dir='ltr'>superficiem</span> <span class='ocrx_word' id='word_1_131' title='bbox 704 1209 822 1249; x_wconf 87' lang='lat' dir='ltr'>huius.</span> <span class='ocrx_word' id='word_1_132' title='bbox 840 1209 882 1250; x_wconf 86' lang='lat' dir='ltr'>Si</span> <span class='ocrx_word' id='word_1_133' title='bbox 900 1224 918 1251; x_wconf 86' lang='lat' dir='ltr'><em>s</em></span> <span class='ocrx_word' id='word_1_134' title='bbox 937 1221 976 1251; x_wconf 89' lang='lat' dir='ltr'>et</span> <span class='ocrx_word' id='word_1_135' title='bbox 988 1224 1015 1250; x_wconf 82' lang='lat' dir='ltr'><em>v</em></span> <span class='ocrx_word' id='word_1_136' title='bbox 1033 1211 1264 1265; x_wconf 89' lang='lat' dir='ltr'>superficiem</span> <span class='ocrx_word' id='word_1_137' title='bbox 1291 1226 1331 1254; x_wconf 86' lang='lat' dir='ltr'>et</span> <span class='ocrx_word' id='word_1_138' title='bbox 1356 1217 1470 1257; x_wconf 79' lang='lat' dir='ltr'>volu-</span> 
     </span>
    </p>
   </div>
   <div class='ocr_carea' id='block_1_3' title="bbox 168 1267 1470 1340">
    <p class='ocr_par' dir='ltr' id='par_1_5' title="bbox 168 1267 1470 1340">
     <span class='ocr_line' id='line_1_17' title="bbox 168 1267 1470 1340; baseline 0.005 -18"><span class='ocrx_word' id='word_1_139' title='bbox 168 1293 262 1322; x_wconf 86' lang='lat' dir='ltr'>men</span> <span class='ocrx_word' id='word_1_140' title='bbox 280 1281 463 1321; x_wconf 79' lang='lat' dir='ltr'>materiae</span> <span class='ocrx_word' id='word_1_141' title='bbox 482 1281 680 1321; x_wconf 81' lang='lat' dir='ltr'>constantis</span> <span class='ocrx_word' id='word_1_142' title='bbox 697 1280 886 1334; x_wconf 85' lang='lat' dir='ltr'>indicant,</span> <span class='ocrx_word' id='word_1_143' title='bbox 905 1293 1014 1322; x_wconf 90' lang='lat' dir='ltr'>erunt</span> <span class='ocrx_word' id='word_1_144' title='bbox 1031 1267 1059 1334; x_wconf 58' lang='grc' dir='ltr'>,ῖζ</span> <span class='ocrx_word' id='word_1_145' title='bbox 1081 1282 1156 1324; x_wconf 90' lang='lat' dir='ltr'>hoc</span> <span class='ocrx_word' id='word_1_146' title='bbox 1175 1285 1256 1325; x_wconf 88' lang='lat' dir='ltr'>casu</span> <span class='ocrx_word' id='word_1_147' title='bbox 1273 1287 1441 1340; x_wconf 80' lang='lat' dir='ltr'>aequales</span> <span class='ocrx_word' id='word_1_148' title='bbox 1457 1318 1470 1339; x_wconf 84' lang='lat'>,</span> 
     </span>
    </p>
   </div>
   <div class='ocr_carea' id='block_1_4' title="bbox 168 1343 1473 2280">
    <p class='ocr_par' dir='ltr' id='par_1_6' title="bbox 170 1343 585 1406">
     <span class='ocr_line' id='line_1_18' title="bbox 170 1343 585 1406; baseline 0 -16"><span class='ocrx_word' id='word_1_149' title='bbox 170 1353 196 1395; x_wconf 85' lang='lat' dir='ltr'><strong>fi</strong></span> <span class='ocrx_word' id='word_1_150' title='bbox 229 1343 262 1406; x_wconf 51' lang='grc' dir='ltr'>,εγ</span> <span class='ocrx_word' id='word_1_151' title='bbox 298 1352 378 1391; x_wconf 88' lang='lat' dir='ltr'>sunt</span> <span class='ocrx_word' id='word_1_152' title='bbox 402 1352 585 1404; x_wconf 83' lang='lat' dir='ltr'>aequales.</span> 
     </span>
    </p>

    <p class='ocr_par' dir='ltr' id='par_1_7' title="bbox 168 1412 1473 2231">
     <span class='ocr_line' id='line_1_19' title="bbox 234 1412 1470 1470; baseline 0.004 -15"><span class='ocrx_word' id='word_1_153' title='bbox 234 1412 350 1470; x_wconf 63' lang='lat' dir='ltr'>(c)At</span> <span class='ocrx_word' id='word_1_154' title='bbox 367 1412 521 1467; x_wconf 82' lang='lat' dir='ltr'>possunt</span> <span class='ocrx_word' id='word_1_155' title='bbox 540 1413 792 1454; x_wconf 86' lang='lat' dir='ltr'>voluminibus</span> <span class='ocrx_word' id='word_1_156' title='bbox 808 1424 847 1454; x_wconf 90' lang='lat' dir='ltr'>et</span> <span class='ocrx_word' id='word_1_157' title='bbox 865 1415 1125 1468; x_wconf 85' lang='lat' dir='ltr'>superficiebus</span> <span class='ocrx_word' id='word_1_158' title='bbox 1134 1412 1388 1460; x_wconf 85' lang='lat' dir='ltr'>Geometricis</span> <span class='ocrx_word' id='word_1_159' title='bbox 1407 1433 1470 1461; x_wconf 82' lang='lat' dir='ltr'>ae-</span> 
     </span>
     <span class='ocr_line' id='line_1_20' title="bbox 171 1476 1471 1533; baseline 0.003 -14"><span class='ocrx_word' id='word_1_160' title='bbox 171 1477 335 1533; x_wconf 74' lang='lat' dir='ltr'>qualibus</span> <span class='ocrx_word' id='word_1_161' title='bbox 352 1476 562 1530; x_wconf 78' lang='lat' dir='ltr'>superficies</span> <span class='ocrx_word' id='word_1_162' title='bbox 595 1478 777 1517; x_wconf 78' lang='lat' dir='ltr'>materiae</span> <span class='ocrx_word' id='word_1_163' title='bbox 813 1479 1046 1520; x_wconf 62' lang='lat' dir='ltr'>constantissi</span> <span class='ocrx_word' id='word_1_164' title='bbox 1066 1482 1210 1521; x_wconf 76' lang='lat' dir='ltr'>ratione</span> <span class='ocrx_word' id='word_1_165' title='bbox 1245 1483 1471 1523; x_wconf 82' lang='lat' dir='ltr'>densitatum</span> 
     </span>
     <span class='ocr_line' id='line_1_21' title="bbox 168 1539 1470 1596; baseline 0.002 -14"><span class='ocrx_word' id='word_1_166' title='bbox 168 1553 374 1596; x_wconf 87' lang='lat' dir='ltr'>corporum</span> <span class='ocrx_word' id='word_1_167' title='bbox 394 1540 575 1580; x_wconf 80' lang='lat' dir='ltr'>recedere.</span> <span class='ocrx_word' id='word_1_168' title='bbox 591 1539 715 1580; x_wconf 88' lang='lat' dir='ltr'>Potest</span> <span class='ocrx_word' id='word_1_169' title='bbox 731 1553 866 1593; x_wconf 83' lang='lat' dir='ltr'>corpus</span> <span class='ocrx_word' id='word_1_170' title='bbox 884 1542 933 1581; x_wconf 81' lang='lat' dir='ltr'>ita</span> <span class='ocrx_word' id='word_1_171' title='bbox 951 1555 1177 1584; x_wconf 82' lang='lat' dir='ltr'>excauatum</span> <span class='ocrx_word' id='word_1_172' title='bbox 1199 1545 1268 1585; x_wconf 80' lang='lat' dir='ltr'>efle</span> <span class='ocrx_word' id='word_1_173' title='bbox 1288 1545 1470 1586; x_wconf 79' lang='lat' dir='ltr'>canalicu-</span> 
     </span>
     <span class='ocr_line' id='line_1_22' title="bbox 169 1603 1473 1662; baseline 0.003 -17"><span class='ocrx_word' id='word_1_174' title='bbox 169 1606 213 1645; x_wconf 90' lang='lat' dir='ltr'>lis</span> <span class='ocrx_word' id='word_1_175' title='bbox 231 1638 242 1657; x_wconf 80' lang='grc'>,</span> <span class='ocrx_word' id='word_1_176' title='bbox 262 1612 304 1645; x_wconf 88' lang='lat' dir='ltr'>vt</span> <span class='ocrx_word' id='word_1_177' title='bbox 322 1616 391 1657; x_wconf 88' lang='lat' dir='ltr'>per</span> <span class='ocrx_word' id='word_1_178' title='bbox 410 1603 618 1656; x_wconf 79' lang='lat' dir='ltr'>superficies</span> <span class='ocrx_word' id='word_1_179' title='bbox 637 1604 866 1644; x_wconf 87' lang='lat' dir='ltr'>internarum</span> <span class='ocrx_word' id='word_1_180' title='bbox 885 1605 998 1646; x_wconf 82' lang='lat' dir='ltr'>etiam</span> <span class='ocrx_word' id='word_1_181' title='bbox 1020 1609 1182 1660; x_wconf 82' lang='lat' dir='ltr'>partium</span> <span class='ocrx_word' id='word_1_182' title='bbox 1202 1609 1295 1661; x_wconf 84' lang='lat' dir='ltr'>iguis</span> <span class='ocrx_word' id='word_1_183' title='bbox 1318 1609 1473 1662; x_wconf 76' lang='lat' dir='ltr'>allapsus</span> 
     </span>
     <span class='ocr_line' id='line_1_23' title="bbox 170 1667 1471 1723; baseline 0.003 -15"><span class='ocrx_word' id='word_1_184' title='bbox 170 1667 362 1721; x_wconf 75' lang='lat' dir='ltr'>particulas</span> <span class='ocrx_word' id='word_1_185' title='bbox 380 1668 570 1706; x_wconf 82' lang='lat' dir='ltr'>interiores</span> <span class='ocrx_word' id='word_1_186' title='bbox 586 1680 794 1719; x_wconf 89' lang='lat' dir='ltr'>corporum</span> <span class='ocrx_word' id='word_1_187' title='bbox 812 1669 859 1707; x_wconf 75' lang='lat' dir='ltr'>ad</span> <span class='ocrx_word' id='word_1_188' title='bbox 877 1678 1029 1709; x_wconf 88' lang='lat' dir='ltr'>motum</span> <span class='ocrx_word' id='word_1_189' title='bbox 1047 1672 1236 1711; x_wconf 75' lang='lat' dir='ltr'>concitare</span> <span class='ocrx_word' id='word_1_190' title='bbox 1256 1672 1385 1723; x_wconf 82' lang='lat' dir='ltr'>poffit,</span> <span class='ocrx_word' id='word_1_191' title='bbox 1406 1671 1471 1712; x_wconf 86' lang='lat' dir='ltr'>vel</span> 
     </span>
     <span class='ocr_line' id='line_1_24' title="bbox 169 1729 1470 1787; baseline 0.004 -18"><span class='ocrx_word' id='word_1_192' title='bbox 169 1732 208 1769; x_wconf 83' lang='lat' dir='ltr'>iu</span> <span class='ocrx_word' id='word_1_193' title='bbox 227 1741 386 1780; x_wconf 81' lang='lat' dir='ltr'>corpore</span> <span class='ocrx_word' id='word_1_194' title='bbox 404 1730 522 1767; x_wconf 76' lang='lat' dir='ltr'>calido</span> <span class='ocrx_word' id='word_1_195' title='bbox 541 1740 608 1779; x_wconf 92' lang='lat' dir='ltr'>per</span> <span class='ocrx_word' id='word_1_196' title='bbox 626 1729 740 1768; x_wconf 86' lang='lat' dir='ltr'>talem</span> <span class='ocrx_word' id='word_1_197' title='bbox 762 1729 995 1781; x_wconf 84' lang='lat' dir='ltr'>superficiem</span> <span class='ocrx_word' id='word_1_198' title='bbox 1015 1733 1131 1773; x_wconf 76' lang='lat' dir='ltr'>etiam</span> <span class='ocrx_word' id='word_1_199' title='bbox 1160 1734 1327 1773; x_wconf 80' lang='lat' dir='ltr'>medium</span> <span class='ocrx_word' id='word_1_200' title='bbox 1363 1734 1470 1787; x_wconf 78' lang='lat' dir='ltr'>stigi-</span> 
     </span>
     <span class='ocr_line' id='line_1_25' title="bbox 169 1790 1468 1850; baseline 0.005 -18"><span class='ocrx_word' id='word_1_201' title='bbox 169 1793 251 1833; x_wconf 84' lang='lat' dir='ltr'>dius</span> <span class='ocrx_word' id='word_1_202' title='bbox 285 1790 406 1832; x_wconf 80' lang='lat' dir='ltr'>versus</span> <span class='ocrx_word' id='word_1_203' title='bbox 430 1791 600 1840; x_wconf 82' lang='lat' dir='ltr'>tendere,</span> <span class='ocrx_word' id='word_1_204' title='bbox 636 1801 674 1830; x_wconf 89' lang='lat' dir='ltr'>et</span> <span class='ocrx_word' id='word_1_205' title='bbox 717 1792 804 1832; x_wconf 88' lang='lat' dir='ltr'>illud</span> <span class='ocrx_word' id='word_1_206' title='bbox 848 1791 1027 1845; x_wconf 79' lang='lat' dir='ltr'>afficere,</span> <span class='ocrx_word' id='word_1_207' title='bbox 1069 1805 1113 1835; x_wconf 87' lang='lat' dir='ltr'>vt</span> <span class='ocrx_word' id='word_1_208' title='bbox 1147 1796 1197 1835; x_wconf 78' lang='lat' dir='ltr'>ita</span> <span class='ocrx_word' id='word_1_209' title='bbox 1238 1809 1375 1850; x_wconf 87' lang='lat' dir='ltr'>corpus</span> <span class='ocrx_word' id='word_1_210' title='bbox 1416 1810 1468 1838; x_wconf 90' lang='lat' dir='ltr'>eo</span> 
     </span>
     <span class='ocr_line' id='line_1_26' title="bbox 172 1854 1467 1914; baseline 0.003 -17"><span class='ocrx_word' id='word_1_211' title='bbox 172 1856 357 1897; x_wconf 81' lang='lat' dir='ltr'>maiorem</span> <span class='ocrx_word' id='word_1_212' title='bbox 391 1854 636 1906; x_wconf 73' lang='lat' dir='ltr'>quantitatem</span> <span class='ocrx_word' id='word_1_213' title='bbox 672 1865 797 1895; x_wconf 85' lang='lat' dir='ltr'>motus</span> <span class='ocrx_word' id='word_1_214' title='bbox 830 1855 876 1894; x_wconf 81' lang='lat' dir='ltr'>ab</span> <span class='ocrx_word' id='word_1_215' title='bbox 912 1856 998 1908; x_wconf 87' lang='lat' dir='ltr'>igne</span> <span class='ocrx_word' id='word_1_216' title='bbox 1034 1859 1182 1910; x_wconf 87' lang='lat' dir='ltr'>perdere</span> <span class='ocrx_word' id='word_1_217' title='bbox 1216 1860 1354 1912; x_wconf 80' lang='lat' dir='ltr'>poffit,</span> <span class='ocrx_word' id='word_1_218' title='bbox 1390 1874 1467 1914; x_wconf 91' lang='lat' dir='ltr'>quo</span> 
     </span>
     <span class='ocr_line' id='line_1_27' title="bbox 172 1916 1467 1969; baseline 0.005 -11"><span class='ocrx_word' id='word_1_219' title='bbox 172 1921 294 1959; x_wconf 80' lang='lat' dir='ltr'>maior</span> <span class='ocrx_word' id='word_1_220' title='bbox 327 1917 361 1956; x_wconf 92' lang='lat' dir='ltr'>ei</span> <span class='ocrx_word' id='word_1_221' title='bbox 398 1930 464 1969; x_wconf 86' lang='lat' dir='ltr'>per</span> <span class='ocrx_word' id='word_1_222' title='bbox 497 1916 731 1968; x_wconf 85' lang='lat' dir='ltr'>superficiem</span> <span class='ocrx_word' id='word_1_223' title='bbox 766 1919 951 1959; x_wconf 79' lang='lat' dir='ltr'>maiorem</span> <span class='ocrx_word' id='word_1_224' title='bbox 985 1919 1137 1962; x_wconf 81' lang='lat' dir='ltr'>libertas</span> <span class='ocrx_word' id='word_1_225' title='bbox 1170 1934 1318 1963; x_wconf 88' lang='lat' dir='ltr'>motum</span> <span class='ocrx_word' id='word_1_226' title='bbox 1363 1923 1467 1964; x_wconf 91' lang='lat' dir='ltr'>suum</span> 
     </span>
     <span class='ocr_line' id='line_1_28' title="bbox 168 1979 1471 2039; baseline 0.005 -18"><span class='ocrx_word' id='word_1_227' title='bbox 168 1995 258 2021; x_wconf 83' lang='lat' dir='ltr'>cum</span> <span class='ocrx_word' id='word_1_228' title='bbox 296 1981 424 2020; x_wconf 80' lang='lat' dir='ltr'>medio</span> <span class='ocrx_word' id='word_1_229' title='bbox 455 1979 637 2032; x_wconf 82' lang='lat' dir='ltr'>frigidiori</span> <span class='ocrx_word' id='word_1_230' title='bbox 669 1983 983 2023; x_wconf 80' lang='lat' dir='ltr'>communicandi</span> <span class='ocrx_word' id='word_1_231' title='bbox 1019 1984 1153 2036; x_wconf 81' lang='lat' dir='ltr'>datur,</span> <span class='ocrx_word' id='word_1_232' title='bbox 1189 1985 1275 2025; x_wconf 77' lang='lat' dir='ltr'>licet</span> <span class='ocrx_word' id='word_1_233' title='bbox 1316 1985 1471 2039; x_wconf 86' lang='lat' dir='ltr'>superfi-</span> 
     </span>
     <span class='ocr_line' id='line_1_29' title="bbox 169 2042 1469 2103; baseline 0.005 -19"><span class='ocrx_word' id='word_1_234' title='bbox 169 2045 246 2084; x_wconf 76' lang='lat' dir='ltr'>cies</span> <span class='ocrx_word' id='word_1_235' title='bbox 278 2042 525 2084; x_wconf 77' lang='lat' dir='ltr'>Geometrica</span> <span class='ocrx_word' id='word_1_236' title='bbox 554 2056 631 2082; x_wconf 86' lang='lat' dir='ltr'>non</span> <span class='ocrx_word' id='word_1_237' title='bbox 667 2044 815 2085; x_wconf 75' lang='lat' dir='ltr'>differat</span> <span class='ocrx_word' id='word_1_238' title='bbox 845 2058 866 2084; x_wconf 81' lang='lat' dir='ltr'>a</span> <span class='ocrx_word' id='word_1_239' title='bbox 903 2047 1095 2099; x_wconf 84' lang='lat' dir='ltr'>superficie</span> <span class='ocrx_word' id='word_1_240' title='bbox 1144 2049 1319 2101; x_wconf 81' lang='lat' dir='ltr'>alterius,</span> <span class='ocrx_word' id='word_1_241' title='bbox 1367 2050 1469 2103; x_wconf 83' lang='lat' dir='ltr'>quod</span> 
     </span>
     <span class='ocr_line' id='line_1_30' title="bbox 171 2108 1471 2166; baseline 0.005 -19"><span class='ocrx_word' id='word_1_242' title='bbox 171 2108 353 2147; x_wconf 59' lang='lat' dir='ltr'>eiusmodi</span> <span class='ocrx_word' id='word_1_243' title='bbox 389 2108 615 2158; x_wconf 73' lang='lat' dir='ltr'>proprietate</span> <span class='ocrx_word' id='word_1_244' title='bbox 653 2120 777 2147; x_wconf 77' lang='lat' dir='ltr'>carere</span> <span class='ocrx_word' id='word_1_245' title='bbox 829 2110 963 2160; x_wconf 88' lang='lat' dir='ltr'>potest.</span> <span class='ocrx_word' id='word_1_246' title='bbox 1027 2110 1068 2152; x_wconf 88' lang='lat' dir='ltr'>Si</span> <span class='ocrx_word' id='word_1_247' title='bbox 1103 2110 1180 2166; x_wconf 91' lang='lat'>(1)</span> <span class='ocrx_word' id='word_1_248' title='bbox 1215 2113 1399 2153; x_wconf 84' lang='lat' dir='ltr'>volumen</span> <span class='ocrx_word' id='word_1_249' title='bbox 1433 2122 1471 2153; x_wconf 89' lang='lat' dir='ltr'>et</span> 
     </span>
     <span class='ocr_line' id='line_1_31' title="bbox 171 2165 1470 2231; baseline 0.005 -21"><span class='ocrx_word' id='word_1_250' title='bbox 171 2170 377 2224; x_wconf 73' lang='lat' dir='ltr'>superficies</span> <span class='ocrx_word' id='word_1_251' title='bbox 413 2165 653 2210; x_wconf 82' lang='lat' dir='ltr'>Geometrica</span> <span class='ocrx_word' id='word_1_252' title='bbox 685 2184 891 2224; x_wconf 90' lang='lat' dir='ltr'>corporum</span> <span class='ocrx_word' id='word_1_253' title='bbox 924 2174 963 2214; x_wconf 91' lang='lat' dir='ltr'><strong>A</strong></span> <span class='ocrx_word' id='word_1_254' title='bbox 997 2184 1037 2215; x_wconf 90' lang='lat' dir='ltr'>et</span> <span class='ocrx_word' id='word_1_255' title='bbox 1069 2173 1102 2214; x_wconf 90' lang='lat' dir='ltr'>B</span> <span class='ocrx_word' id='word_1_256' title='bbox 1138 2185 1297 2228; x_wconf 79' lang='lat' dir='ltr'>ponatur</span> <span class='ocrx_word' id='word_1_257' title='bbox 1336 2189 1470 2231; x_wconf 81' lang='lat' dir='ltr'>aequa-</span> 
     </span>
    </p>

    <p class='ocr_par' dir='ltr' id='par_1_8' title="bbox 232 2231 1471 2280">
     <span class='ocr_line' id='line_1_32' title="bbox 232 2231 1471 2280; baseline 0.005 -6"><span class='ocrx_word' id='word_1_258' title='bbox 232 2231 821 2276; x_wconf 70' lang='lat' dir='ltr'>Tom.111.Nov.Comment.</span> <span class='ocrx_word' id='word_1_259' title='bbox 1071 2239 1109 2279; x_wconf 89' lang='lat' dir='ltr'>T</span> <span class='ocrx_word' id='word_1_260' title='bbox 1142 2249 1157 2278; x_wconf 95' lang='lat' dir='ltr'>t</span> <span class='ocrx_word' id='word_1_261' title='bbox 1425 2239 1471 2280; x_wconf 86' lang='lat' dir='ltr'>lis</span> 
     </span>
    </p>
   </div>
  </div>
 </body>
</html>
