2052 2668
761 154 876 212 )(15
913 155 942 212 )(

193 269 353 324 gundum
401 267 551 308 numeri
600 266 749 307 alicuius
795 267 871 306 dati
916 265 1117 307 diuisorem
1170 280 1305 319 parum
1359 268 1489 309 auxilii

190 333 287 379 trahi
318 332 464 384 potest:
498 330 585 370 hinc
619 330 724 370 aliam
755 329 860 368 viam
883 361 894 379 ‚
926 341 1020 382 quae
1052 329 1247 383 aliquando
1280 329 1363 383 plus
1407 329 1492 370 iub-

190 395 267 436 fidii
301 392 588 434 subministrabit
606 424 617 442 ‚
651 400 770 432 tentat
789 423 800 442 ,
831 393 1001 444 quamuis
1033 392 1288 433 Arithmetica
1318 392 1383 432 tali
1414 392 1486 433 for.-

191 458 294 497 mula
331 456 497 509 generali
548 455 651 494 vnica
692 454 907 494 destituatur
926 486 937 505 ‚
988 466 1083 507 quae
1125 467 1299 501 numeros
1339 454 1485 507 primos

192 532 326 560 omnes
351 516 546 559 succeffiue
579 516 765 556 exhibeat.
830 517 1003 556 Tandem
1038 518 1164 556 omnia
1180 517 1366 571 exemplis
1399 517 1485 557 illu-

189 582 278 622 ⁷strat
296 613 307 633 ,
338 590 377 621 et
394 612 405 632 ,
438 592 514 634 quo
548 581 668 620 modo
700 576 898 619 diuisorem
929 577 1110 631 expiscari
1142 579 1253 632 poffit
1272 612 1282 632 ‚
1317 580 1482 634 inquirite

461 698 525 736 DE
553 698 834 735 PARTlTIONE
860 695 1170 734 NVMERORVM

540 748 770 785 AVCTORE
809 748 852 784 L.
881 747 1096 784 EVLERO.

266 837 425 880 rohlema
459 837 507 877 de
538 837 740 890 partitione
775 848 1017 877 numerorum
1052 835 1212 876 Austori
1253 838 1442 890 quondam
1461 851 1483 878 a

295 899 352 941 Cl.
389 898 588 953 Profeffore
619 899 836 955 Berolinerfi
869 900 1051 940 Naudaeo
1081 900 1148 940 fuit
1180 899 1352 941 oblatum
1372 933 1383 952 ,
1423 903 1483 954 qui

187 975 260 1016 pro
293 962 372 1002 casu
401 962 545 1014 speciali
578 964 799 1016 quaesiuerat
817 995 827 1013 ,
858 970 950 1015 quot
983 963 1091 1003 variis
1138 963 1260 1002 modis
1309 976 1484 1004 numerus

190 1035 247 1074 50
280 1027 318 1065 in
351 1024 490 1076 septem
525 1034 649 1078 partes
680 1025 855 1078 dispertiri
888 1024 1007 1076 poffit.
1074 1025 1271 1066 Problema
1304 1026 1377 1066 hoc
1404 1028 1483 1081 pri-

181 1095 255 1128 ‘mo
287 1088 417 1126 intuitu
451 1088 500 1126 ita
530 1098 793 1141 comparatum
828 1087 1022 1127 videbatur
1041 1120 1052 1138 ,
1101 1096 1147 1127 vt
1181 1088 1285 1128 aliter
1306 1079 1381 1128 'nifi
1411 1102 1479 1142 per

184 1151 444 1191 inductionem*
466 1151 597 1192 resolui
629 1163 705 1191 non
740 1150 860 1203 poffet
877 1181 888 1201 ‚
918 1162 994 1203 quo
1026 1150 1098 1189 fere
1139 1151 1258 1191 modo
1308 1153 1480 1205 pleraque

182 1213 416 1265 problemata
448 1214 494 1253 ad
532 1224 652 1253 artem
700 1213 1023 1253 combinatoriam
1076 1214 1299 1265 pertinentia
1349 1216 1480 1255 resolui

183 1273 316 1314 so'lent.
381 1273 461 1327 Qui
491 1274 626 1314 scilicet
657 1275 732 1314 eius
761 1275 981 1314 solutionem
1011 1275 1190 1327 suscipere
1227 1277 1348 1328 velit,
1399 1279 1478 1329 pri—

184 1346 254 1375 mo
294 1342 444 1387 quaeret
462 1365 473 1383 ,
511 1343 606 1386 quot
639 1335 747 1374 variis
796 1335 920 1374 modis
967 1337 1117 1388 quisque
1165 1337 1205 1376 in
1236 1339 1323 1379 duas
1357 1349 1478 1391 partes

185 1396 336 1450 discerpi
369 1394 504 1448 point,
536 1395 601 1436 vbi
633 1396 782 1449 quidem
815 1395 954 1437 nullam
996 1397 1252 1438 difficultatem
1280 1401 1471 1452 offendet,

178 1459 313 1499 deinde
343 1459 516 1511 procedet
547 1459 594 1498 ad
625 1459 841 1499 diuisionem
875 1459 914 1498 in
944 1469 1016 1499 tres
1046 1470 1167 1512 partes
1186 1492 1196 1512 ‚
1229 1463 1327 1514 quod
1356 1475 1475 1516 nego-

179 1522 273 1561 tium
307 1523 420 1561 etiam
454 1533 548 1561 nunc
579 1523 658 1561 (atis
703 1523 908 1562 commode
955 1522 1134 1563 succedet.
1217 1523 1261 1564 In
1295 1525 1472 1567 diuisione

178 1585 217 1624 in
249 1594 406 1637 quatuor
437 1593 560 1636 partes
589 1583 736 1624 fortaffe
769 1586 843 1625 iam
878 1584 1068 1637 haerebit,
1103 1598 1222 1639 neque
1241 1587 1362 1628 statim
1385 1601 1470 1642 per-

177 1646 308 1699 spiciet
326 1679 338 1698 ,
369 1647 562 1700 quomodo
592 1658 768 1687 numerus
798 1647 1038 1701 partitionum
1078 1662 1164 1688 cum
1208 1662 1366 1691 numero
1382 1665 1470 1705 par·-

178 1710 308 1749 tiendo
339 1710 513 1751 increscat
531 1742 542 1762 ‚
574 1710 790 1750 induetione
822 1720 951 1750 tamen
990 1710 1099 1751 fretus
1118 1744 1128 1762 ,
1161 1722 1200 1752 et
1234 1712 1328 1754 hanc
1379 1727 1449 1767 pro

178 1771 367 1823 greffionis
399 1773 523 1825 legem
557 1773 746 1824 diuinabit,
806 1773 982 1829 Quinque
1014 1774 1169 1826 partitio
1202 1775 1362 1827 ipsiiam
1385 1790 1462 1816 ma-

176 1834 272 1872 iores
312 1834 448 1873 creabit
497 1835 712 1887 molestius,
758 1848 800 1876 ac
847 1835 913 1875 nisi
963 1836 1071 1876 omni
1136 1838 1465 1890 circumspectione

175 1903 328 1946 Vtatur,
360 1896 563 1936 verendum
597 1898 676 1946 est,
708 1909 752 1936 ne
785 1897 990 1937 inductioni
1010 1929 1020 1949 ,
1053 1907 1239 1953 vtcunque
1270 1912 1370 1941 certa
1396 1903 1464 1955 ipsi

175 1958 341 1998 videatur
359 1990 370 2009 ,
404 1959 515 1998 nimis
547 1958 740 1999 confidens
771 1960 809 1999 iu
841 1971 1006 2000 errorem
1039 1961 1260 2015 inducatur3
1296 1964 1395 2016 quod
1415 1977 1463 2005 eo

174 2020 293 2073 magis
322 2020 373 2060 est
403 2020 734 2074 pertimescendum
784 2022 824 2062 in
856 2024 1051 2075 partitione
1085 2025 1123 2065 in
1157 2024 1276 2077 plures
1308 2036 1459 2080 pzirtes3

171 2084 228 2124 vti
259 2084 373 2126 etiam
403 2083 480 2137 ipie
510 2084 756 2137 problematis
783 2085 934 2127 Auctor
962 2087 1028 2127 fuit
1074 2087 1236 2129 seductus
1254 2121 1265 2141 ,
1313 2099 1350 2130 et
1389 2088 1460 2142 pro

784 2150 795 2159 “
1377 2153 1456 2193 casu
