2052 2668
569 162 624 201 ε,
1005 149 1091 199 DE
1110 147 1436 219 ,SERIERVM

561 283 652 312 nem
686 281 759 325 pro
792 267 936 311 summa
968 267 1142 324 cuiusque
1174 267 1308 320 seriei,
1340 268 1441 309 cuius
1470 261 1654 308 terminus
1697 265 1888 322 generalis

560 336 699 388 datur,
735 347 829 389 quae
864 343 988 375 autem
1021 333 1073 374 ob
1104 332 1391 374 multitudinem
1423 331 1661 388 integralium
1685 331 1884 376 infinitam

561 398 742 442 rarissime
775 397 883 440 vsum
916 395 1091 453 aliquem*
1111 395 1325 458 praestabit.

1059 501 1346 564 Scholion.

676 625 713 676 ς.
754 631 825 676 58.
859 623 898 668 Si
933 633 1079 679 praeter
1109 625 1347 667 functionem
1378 636 1637 682 quamcunque
1658 624 1791 667 indicis
1823 638 1854 669 x
1872 659 1886 681 ,

560 702 639 732 non
672 690 793 731 solum
825 691 1006 732 terminus
1040 691 1221 743 proxime
1240 691 1470 743 praecedens
1491 722 1502 743 ‚
1537 692 1594 732 sed
1615 692 1735 745 plumes
1776 703 1885 743 prae-

560 755 775 794 cedentium
798 787 808 806 ,
843 756 889 796 ad
922 752 1192 794 formationem
1233 754 1388 794 termini
1419 753 1596 809 lequenris
1615 754 1890 808 adhibeantur,

559 817 671 860 simili
707 819 830 858 modo
864 817 1105 872 peruenierur
1137 819 1184 858 ad
1216 816 1482 858 resolutionem
1517 818 1746 870 aequationis
1776 817 1886 855 difle-

562 880 722 922 rentialis
785 882 951 922 infinitae
970 913 981 932 ,
1049 892 1142 933 quae
1194 891 1271 933 ope
1318 878 1480 920 methodi
1511 892 1538 919 a
1577 892 1634 920 me
1678 878 1889 934 proptfitae

561 944 710 984 tmdtari
752 946 910 999 poterit.
947 943 1045 986 Non
1080 941 1202 984 solum
1238 941 1348 996 igitur
1377 941 1485 983 series
1503 975 1514 994 ‚
1545 955 1704 998 quarum
1725 942 1792 982 lex
1811 941 1905 983 for-·

560 1008 739 1049 marionis
771 1009 818 1049 ad
851 1021 966 1063 genus
994 1009 1159 1060 pertinet
1194 1006 1396 1046 secundum
1420 1037 1432 1057 ‚
1477 1007 1667 1048 methodo
1714 1004 1778 1046 hic
1821 1017 1894 1047 ex-

561 1071 683 1124 posita
715 1073 762 1112 ad
797 1071 979 1111 calculum
1012 1070 1212 1121 reuocari,
1246 1080 1448 1122 earumque
1490 1069 1643 1108 termini
1695 1069 1891 1120 generales

560 1133 718 1174 inueniri
755 1135 937 1187 possunt,
973 1132 1031 1173 sed
1064 1134 1180 1173 etiam
1213 1131 1260 1172 ad
1295 1143 1410 1184 genus
1443 1132 1596 1172 tertium
1615 1143 1730 1183 aeque
1751 1139 1856 1183 patet
1875 1163 1888 1183 ,

561 1195 787 1251 istarumque
819 1197 996 1238 serierum
1029 1207 1161 1236 veram
1195 1193 1368 1235 indolem
1403 1194 1532 1235 clarius
1549 1194 1601 1235 ob
1620 1193 1750 1236 oculos
1767 1194 1890 1249 ponit.

1002 1303 1300 1364 Problema
1352 1303 1430 1363 X.

680 1427 717 1473 ς.
756 1434 829 1474 59.
863 1423 1040 1464 Inuenire
1077 1421 1287 1462 terminum
1339 1418 1550 1473 generalem
1603 1419 1739 1471 sei·iei,·
1787 1421 1900 1462 cuius

563 1486 721 1541 quilibet
756 1488 937 1528 terminus
969 1485 1126 1541 aequalis
1158 1485 1201 1526 sir
1233 1484 1476 1538 praecedenti
1517 1495 1585 1538 per
1635 1482 1742 1524 suum
1794 1484 1892 1526 indi·

564 1564 653 1594 cem
688 1551 958 1606 multiplicato.

1091 1640 1326 1699 SolutiO.

682 1759 723 1803 Si
758 1763 940 1803 terminus
976 1760 1119 1815 primus
1152 1760 1283 1800 vnitnti
1319 1758 1477 1811 aequalis
1510 1757 1683 1797 statuatur
1702 1788 1713 1810 ‚
1750 1756 1894 1800 orietur

567 1826 735 1868 Walliu'
770 1827 874 1865 series
907 1825 1281 1877 Hypcrgeometrica
1312 1822 1406 1863 haec
1432 1837 1439 1861 2

567 1891 1022 1942 ind:*1‚2,:3,4,
1080 1898 1135 1938 5)
1201 1889 1259 1938 6)
1340 1898 1401 1936 7)
1459 1891 1516 1935 8)
1648 1896 1704 1933 9)

569 1962 695 1992 term:
739 1968 781 2001 1,
801 1950 822 1989 ἰ
841 1985 850 2003 ,
873 1964 894 1989 2
919 1984 930 2003 ,
963 1954 991 1989 6
1013 1983 1024 2001 ,
1063 1964 1119 2002 24
1139 1984 1149 2002 ,
1175 1963 1286 2002 120,
1308 1961 1420 1999 720,
1445 1958 1560 1996 5040
1583 1978 1593 1997 ,
1616 1956 1788 1998 40:³20,

568 2015 732 2056 Pomtin-
751 2016 929 2055 terminus
949 2015 1059 2055 indici
1094 2029 1121 2056 x
1142 2050 1150 2066 ,
1172 2015 1393 2067 respondens
1411 2022 1508 2060 :y
1532 2041 1541 2060 ,
1561 2022 1722 2062 cumque
1742 2010 1892 2064 lequens

570 2083 680 2133 ’.εγ
699 2111 712 2133 ,
745 2079 813 2120 erit
835 2081 886 2131 ,γ’
907 2092 961 2120 :3
973 2093 998 2133 y
1017 2092 1044 2121 x
1064 2112 1075 2132 ,
1111 2079 1211 2121 vnde
1240 2075 1394 2118 naleitur
1426 2074 1519 2115 haec
1558 2074 1732 2128 aequatio
1753 2089 1761 2114 :

1733 2150 1769 2188 y
1785 2149 1814 2179 x
1831 2147 1891 2177 L:

1813 1925 1890 1958 etc.
