2052 2668
557 163 646 202 266
994 158 1076 201 DE
1108 151 1403 202 MACHINYS

553 286 626 329 per
656 282 830 314 centrum
871 270 1060 326 gr-mitatis
1109 273 1236 312 oneris
1286 273 1441 326 transit,
1500 281 1582 313 tum
1634 274 1669 313 ei
1711 323 1714 327 ,
1722 284 1872 327 praeter

554 348 712 378 motum
771 335 1045 390 progressinnm
1106 335 1338 383 rotationem
1387 337 1591 390 quamdam
1641 336 1869 391 imprimere

554 400 777 450 conabitur,
809 401 872 452 qui
906 399 973 439 etsi
1005 411 1027 438 a
1060 396 1238 439 firmitate
1270 399 1370 453 plani
1405 402 1440 440 A
1463 399 1496 440 B
1517 433 1528 452 ,
1561 400 1621 441 cni
1658 401 1869 452 incumbit,

556 464 816 515 impediatur,
867 473 994 502 tamen
1029 461 1306 515 apprcffimem
1339 465 1464 504 oneris
1497 465 1542 504 ad
1585 463 1659 504 hoc
1712 466 1869 518 planum

554 527 766 575 immutat,
805 527 909 566 cuius
941 526 1113 580 cognitio
1144 526 1251 580 lacpe
1283 538 1446 568 numero
1477 540 1553 568 non
1587 528 1689 581 parui
1709 528 1762 568 est
1782 539 1868 567 mo-

556 591 692 631 menti.
760 587 827 629 Sin
861 599 990 630 autem
1024 590 1070 630 ad
1112 588 1208 630 hanc
1258 590 1536 643 appreffionem
1587 603 1663 631 non
1699 591 1870 644 relpicia-

557 665 676 703 mus,
711 653 868 706 perinde
901 654 983 705 est,
1034 663 1162 693 vtrum
1214 653 1377 694 directio
1425 656 1482 695 vis
1531 655 1756 696 sollicitantis
1804 663 1873 708 per

557 718 682 757 oneris
699 728 867 757 centrum
883 716 1074 770 grauitatis
1106 716 1283 768 transeat,
1314 730 1386 758 nec
1422 715 1507 759 ne?
1542 719 1759 759 dummodo
1783 729 1870 758 cor-

557 781 646 834 pori
681 792 720 820 re
754 780 831 833 ipfit
862 782 1010 822 nullum
1045 789 1197 820 motum
1233 782 1459 820 rotator-ium
1491 781 1652 821 inducat.

698 845 731 892 §.
770 856 811 893 3.
847 844 1038 883 Ponamus
1071 852 1257 894 praeterea
1289 841 1444 894 planum
1477 842 1515 880 Α
1551 840 1586 880 Β
1617 840 1693 882 effe
1727 842 1874 895 politis—

559 907 698 948 fimum
721 937 731 956 ,
766 915 811 945 vt
843 917 938 946 onus
970 905 1009 945 in
1043 914 1152 945 motu
1184 903 1246 945 suo
1278 904 1419 945 nullam
1462 903 1677 945 frictionem
1719 904 1875 960 sentiat,

556 970 644 1023 quia
676 968 858 1009 effoetum
891 968 1075 1010 stic'tionis
1104 968 1238 1008 deinde
1270 967 1414 1008 seorsim
1434 966 1511 1007 sum
1536 969 1876 1022 conttmplaturus.

550 1032 636 1073 <Hic
672 1034 784 1085 igitur
802 1032 920 1072 solum
941 1044 1032 1072 onus
1049 1041 1088 1071 et
1106 1031 1273 1085 potentia
1291 1043 1425 1084 vrgens
1443 1032 1478 1070 in
1498 1041 1725 1085 computum
1754 1032 1877 1085 ingre·

551 1095 696 1135 dictur.
709 1093 769 1135 Sit
787 1094 906 1136 maffa
924 1097 1047 1136 oneris
1066 1095 1199 1151 ΞΩ,
1217 1106 1314 1148 quae
1335 1095 1411 1134 eius
1429 1095 1594 1147 pondere
1615 1094 1845 1134 mensuratur
1863 1125 1876 1146 ,

562 1169 601 1198 et
632 1172 703 1212 qua
735 1168 883 1199 tantum
917 1160 1041 1199 motui
1072 1159 1276 1198 reluctatur
1294 1190 1305 1209 ‚
1343 1158 1426 1211 quia
1464 1156 1515 1196 ob
1567 1167 1718 1197 motum
1771 1156 1877 1197 hori-

563 1222 753 1262 zontalem
790 1223 931 1263 nullam
964 1223 1046 1262 vim
1081 1222 1275 1277 potentiae
1325 1220 1553 1262 contrariam
1602 1219 1660 1261 seu
1710 1219 1874 1261 renisum

561 1287 696 1326 exerit.
762 1286 953 1327 Potentiae
983 1298 1078 1326 vero
1110 1283 1337 1326 sollicitantis
1367 1285 1550 1338 quantitas
1581 1283 1626 1324 fit
1659 1291 1756 1339 :p
1774 1316 1785 1335 ,
1818 1285 1877 1325 in·

561 1352 653 1391 ertia
686 1360 816 1390 autem
836 1383 847 1402 ,
888 1349 950 1389 seu
983 1349 1168 1403 quantitas
1211 1349 1392 1388 materiae
1413 1381 1424 1398 ,
1457 1359 1548 1401 quae
1577 1359 1668 1387 cum
1709 1347 1878 1400 potentia

513 1466 516 1468 v
561 1414 614 1452 est
631 1414 829 1453 coniuncta
849 1443 861 1462 ,
894 1425 983 1453 curn
1002 1423 1119 1465 eaque
1150 1411 1257 1452 simul
1299 1420 1477 1450 mouetur
1499 1440 1510 1460 ‚
1551 1409 1596 1450 fit
1637 1422 1692 1448 z
1713 1409 1772 1461 1³3
1808 1410 1874 1450 vbi

563 1482 647 1515 tam
681 1475 709 1516 P
743 1487 856 1529 quam
886 1483 914 1529 p
946 1474 1171 1527 ponderibus
1203 1473 1326 1513 metiri
1368 1473 1467 1513 licet.
1532 1469 1747 1513 Confecerit
1794 1483 1875 1514 tam

563 1538 738 1591 potentia
779 1550 893 1591 quam
925 1550 1021 1578 onus
1054 1547 1161 1578 motu
1196 1538 1271 1577 iam
1308 1536 1411 1576 viam
1445 1535 1503 1575 seu
1544 1536 1702 1589 spatium
1745 1549 1873 1578 :zz

562 1608 600 1642 et
633 1612 832 1654 vtrumqne
868 1601 1005 1641 habeat
1034 1601 1271 1642 celeritatem
1291 1632 1302 1651 ,
1335 1609 1509 1653 quantam
1541 1611 1657 1652 gmue
1698 1611 1749 1640 ex
1790 1600 1874 1641 alti-

564 1665 694 1706 tudine
724 1676 752 1704 v
784 1663 900 1704 libere
930 1665 1103 1704 cadeudo
1136 1663 1285 1716 adipisci
1320 1662 1421 1701 splet.
1487 1659 1588 1700 Cum
1621 1663 1733 1714 igitur
1765 1674 1786 1701 a
1837 1664 1875 1703 vi

562 1737 589 1783 p
622 1728 752 1778 quouis
789 1736 994 1767 momento
1034 1724 1150 1768 maffia
1189 1726 1246 1765 seu
1293 1724 1424 1764 inertia
1472 1723 1501 1764 P
1523 1731 1585 1769 —i-
1609 1724 1877 1781 Qaccelerari

565 1792 728 1843 debeat,
762 1804 813 1832 ex
850 1791 1046 1844 principiis
1080 1788 1315 1832 Mechanicis
1345 1787 1569 1828 habebimus
1603 1787 1698 1828 lianc
1741 1801 1878 1842 aequa-

564 1865 713 1906 tionem
749 1848 954 1921 dvfl'ffi,
987 1877 1080 1917 quac
1112 1864 1292 1915 integrata
1331 1861 1394 1901 dat
1426 1872 1524 1900 v:
1543 1848 1658 1917 ,τέ-ΞΣ

716 1930 750 1976 §.
786 1943 826 1979 4.
862 1927 962 1968 Cum
995 1928 1104 1981 igitur
1135 1926 1306 1966 celeritas
1339 1923 1411 1977 ipsa
1450 1922 1491 1962 sit
1530 1925 1643 1964 radici
1681 1925 1878 1978 quadratae

567 2003 620 2031 ex
652 1992 844 2031 altitudine
875 2005 903 2032 v
937 1989 1262 2044 proportionalis·,
1296 1988 1321 2028 si
1351 1988 1457 2026 enim
1490 1999 1518 2026 v
1551 1988 1588 2027 in
1615 1988 1877 2041 partibus'mil-

568 2055 708 2095 lesimis
751 2055 855 2108 pedis
888 2053 1059 2096 Rhenani
1095 2053 1365 2106 exprimatur,
1419 2051 1497 2090 eius
1547 2052 1654 2091 radix
1704 2052 1877 2105 quadrata

566 2115 607 2156 'V
627 2132 654 2159 v
689 2131 755 2171 per
788 2132 819 2168 4
845 2117 957 2157 dinifii
1000 2116 1176 2157 indicabit
1196 2148 1206 2164 ,
1239 2124 1329 2168 quot
1365 2113 1481 2167 pedes
1515 2114 1718 2155 Rhenanos
1741 2126 1875 2167 corpus

567 2181 639 2222 hac
672 2182 862 2223 celeritate
894 2180 1136 2221 vnisormiter
1170 2188 1324 2220 motum
1358 2178 1504 2232 singulis
1536 2178 1690 2220 minutis
1714 2177 1879 2218 secundis

1786 2239 1878 2281 effet
