2052 2668
582 176 652 218 IN
683 173 922 219 GENERE-
1357 193 1440 233 275

142 333 170 375 k
189 343 242 373 τ..-
261 344 284 381 3
308 363 318 383 ,
367 338 405 371 et
437 341 608 369 numerus
658 327 866 369 hominum
918 330 990 370 erit
1018 341 1125 370 m-
1070 341 1126 347 -
1144 288 1274 410 ΞΞἽ-
1291 291 1376 416 {Z

129 419 202 466 'seu
235 438 286 465 ex
319 424 436 478 priori
467 422 627 464 formula
659 436 765 462 m:
788 420 848 473 35¹3
922 423 979 465 Ita
1013 424 1040 464 fi
1072 437 1165 465 onus
1216 438 1329 466 1000
1365 425 1410 474 tss·
1430 460 1441 479 ,

141 489 246 528 cuius
277 488 401 528 fristio
434 488 477 527 fit
508 496 595 533 250
628 484 673 531 t&
704 488 891 527 celeritate
924 488 1038 527 trium
1074 489 1214 540 pedum
1249 491 1287 530 in
1326 491 1384 528 1²²
1398 491 1443 532 sit

145 551 435 603 protrahendum
455 581 466 601 ,
515 561 690 588 numerus
738 550 943 590 hominum
992 551 1060 590 erit
1093 564 1149 588 z
1170 555 1218 601 ⁵³3?
1237 585 1247 603 ,
1281 553 1443 607 ideoque

143 615 227 666 quia
259 613 450 654 frafflones
481 612 585 652 reiici
615 622 798 666 oportet,
816 624 911 665 opus
945 614 1016 651 erit
1033 615 1191 667 quinque
1209 615 1441 674 hominibus.

286 709 320 757 §-
361 715 428 754 17.
462 703 500 747 Si
539 708 628 747 loco
668 706 871 747 hominurn
923 706 1024 759 equis
1071 707 1255 748 vtendum
1304 711 1348 751 fit
1397 713 1444 754 ad

136 781 253 810 onera
284 769 567 823 protrahenda,
600 771 747 810 valores
775 769 982 809 litterarum
1026 781 1049 808 n
1082 779 1120 809 et
1148 783 1175 823 g
1211 774 1442 825 experienti

139 844 185 872 ae
202 833 467 872 conuenienter
500 833 647 872 definiri
680 833 901 884 debebunt3
935 844 1097 885 quorum
1130 842 1284 887 vterque
1318 836 1444 878 maior

140 896 212 934 erit
243 907 354 947 quam
390 893 701 945 pronominibus
726 920 736 943 ‚
770 906 859 934 cum
879 896 963 948 equi
983 907 1061 935 non
1079 895 1197 936 solum
1216 897 1332 950 longe
1358 911 1438 939 ma

140 957 279 997 ioribus
297 957 433 996 viribus
452 956 625 1008 valeant,
645 958 702 996 sed
721 958 836 997 etiam
856 957 1073 998 celeriorem
1091 958 1239 999 cursum
1258 959 1435 1003 habeant.

139 1018 183 1057 Si
217 1019 327 1069 igitur
360 1019 416 1057 vis
446 1019 528 1069 equi
560 1020 766 1070 quadruplo
798 1020 923 1058 maior
962 1020 1136 1062 statuatur
1156 1051 1167 1071 ‚
1206 1035 1317 1076 quam
1369 1024 1442 1065 ho-

138 1080 252 1119 minis
271 1111 281 1131 ,
313 1081 382 1119 erit
407 1093 438 1133 g
455 1093 509 1118 z
532 1084 616 1119 280
637 1079 682 1126 13
701 1110 712 1124 ,
746 1090 785 1120 et
815 1093 890 1133 pro
923 1080 1043 1134 spatio
1075 1096 1099 1122 n
1118 1115 1128 1133 ‚
1147 1085 1248 1136 quod
1272 1098 1349 1125 vno
1367 1088 1442 1128 mi·-

138 1151 233 1181 nuto
276 1141 432 1182 secundo
471 1144 590 1183 libero
628 1144 770 1183 cursum
802 1143 999 1184 conficitur
1019 1176 1029 1195 ‚
1081 1145 1154 1185 fere
1190 1158 1245 1184 10
1281 1149 1345 1188 vel
1382 1163 1436 1188 12

141 1205 256 1257 pedes
287 1204 465 1244 assumere
499 1206 637 1246 licebit.
712 1206 824 1246 Vnde
864 1207 889 1246 fi
928 1209 1051 1247 oneris
1091 1207 1216 1248 flictio
1257 1209 1299 1249 s1t
1331 1225 1385 1251 :t
1406 1213 1438 1253 F

138 1267 314 1307 librarum
336 1300 346 1318 ‚
381 1269 417 1307 id
449 1268 496 1307 ab
527 1283 562 1310 m
603 1270 705 1321 equis
743 1278 842 1309 tanta
882 1269 1069 1310 celeritate
1110 1271 1379 1326 protrahetur,
1399 1284 1441 1316 vt

136 1337 285 1389 singulis
318 1340 472 1377 minutis
502 1339 707 1378 absoluatur
740 1339 896 1391 spatium
935 1350 988 1376 10
1011 1337 1048 1376 V
1070 1337 1084 1394 ζ
1109 1355 1127 1379 1
1150 1362 1190 1367 —
1219 1330 1346 1399 ss)
1373 1358 1440 1398 pe-

134 1400 240 1438 dum.
305 1400 379 1439 Pro
413 1401 530 1440 bobus
562 1410 689 1440 autem
723 1401 813 1439 loco
846 1413 1030 1452 equorum
1050 1403 1256 1456 adhibitis,
1291 1409 1345 1446 vis
1362 1407 1440 1449 for·

137 1461 223 1501 tasse
262 1475 295 1514 g
340 1463 415 1501 erit
463 1474 597 1501 minor
617 1493 628 1512 ‚
677 1472 716 1501 at
762 1461 924 1501 celeritas
975 1475 998 1501 n
1047 1474 1150 1503 certe
1207 1467 1327 1507 multo
1375 1470 1439 1509 de-

137 1523 269 1575 ficiet,
301 1536 389 1564 cum
424 1525 510 1564 boui
545 1526 610 1565 vix
647 1525 770 1564 maior
802 1524 968 1564 celeritas
1006 1538 1120 1578 qnam
1171 1527 1325 1569 homini
1374 1534 1441 1572 tri-

134 1586 197 1626 bui
230 1596 350 1639 queat.
415 1587 461 1627 In
495 1588 570 1628 hoc
610 1598 734 1628 autem
775 1588 930 1639 negotio
968 1590 1199 1640 experientia
1251 1593 1440 1646 imprimis

133 1651 208 1688 erit
237 1649 463 1690 consulenda
483 1683 493 1701 ,
526 1661 635 1703 atque
666 1664 737 1703 pro
770 1651 897 1703 quouis
930 1651 1071 1690 virium
1113 1665 1250 1705 genere
1290 1656 1436 1697 litterae

138 1722 161 1749 n
211 1720 249 1749 et
289 1724 319 1762 g
368 1724 436 1762 per
503 1714 766 1763 experimenta
835 1711 982 1752 definiri
1055 1715 1243 1755 debebunt
1270 1732 1278 1756 ;
1336 1719 1437 1771 quod

138 1771 242 1811 facile
292 1772 382 1823 fiet,
416 1772 443 1812 si
462 1773 644 1813 formulae
673 1774 860 1826 generales
876 1786 965 1814 cum
1008 1779 1275 1829 experimentis
1312 1782 1436 1822 confe-

136 1843 274 1876 rantur.

285 1898 321 1945 §-
361 1902 429 1938 18.
461 1898 507 1938 In
538 1899 614 1940 'hoc
649 1913 740 1954 ergo
783 1901 1025 1955 praecipuum
1078 1902 1265 1957 speciatur
1314 1908 1441 1950 discri-

136 1972 228 2000 men
258 1961 354 2001 inter
385 1962 482 2001 vires
510 1963 682 2004 animales
716 1973 754 2003 et
787 1978 847 2004 eas
866 1994 877 2013 ‚
914 1977 1005 2017 quae
1037 1979 1058 2006 a
1091 1970 1269 2019 gratur-ite
1302 1981 1435 2024 petun-

133 2030 226 2073 tur,
257 2025 356 2076 quod
386 2024 458 2064 hae
496 2027 680 2066 continuo
727 2028 927 2080 aequaliter
974 2032 1287 2082 vrgeant,s1uc
1336 2036 1435 2087 ipsie

132 2083 235 2126 sint
224 2099 264 2126 m
283 2096 391 2128 motu
423 2088 670 2141 constitutae
703 2091 817 2130 etiam
854 2102 951 2130 nunc
992 2093 1206 2149 quiescant3
1248 2109 1334 2138 cum
1355 2098 1437 2139 illae

690 2152 740 2194 M
772 2166 813 2193 m
850 2166 874 2192 2
1382 2175 1432 2202 eo
