2052 2668
740 177 768 235 l(
804 191 858 231 19
894 179 923 235 >l

166 305 254 335 nem
287 304 377 346 ergo
406 291 512 332 huius
541 289 1136 333 constrriffionisGeometricam
1170 287 1328 329 adornat
1358 301 1466 332 more

164 367 363 406 veterum,
415 368 456 395 ac
507 354 567 395 sub
615 353 732 394 finem
784 366 925 394 nouam
966 352 1159 406 multoque
1194 352 1466 406 simpliciorem

165 419 477 460 construetiontm
526 419 666 458 doceto
687 449 697 469 ,
749 428 845 471 quae
897 426 935 457 et
982 415 1035 456 illi
1083 415 1195 470 longe
1225 417 1468 470 praeferenda

162 483 322 522 videtur.

166 601 232 640 DE
256 600 653 640 PERTVRBATIONE
681 600 845 638 MOTVS
873 597 1199 636 PLANETARVM
1222 601 1256 637 A
1284 600 1469 641 FIGVRA

368 650 542 688 EORVM
572 651 669 686 NON
698 649 960 687 SPHAERICA
986 648 1206 686 ORIVNDA

551 700 783 755 AVCTORE
808 701 852 737 L.
882 698 1090 736 EVLERO.

269 801 334 831 nte
364 791 493 832 omnia
542 789 721 832 Lectores
772 791 854 831 sunt
905 792 1077 832 certiores
1127 787 1312 839 faciendi,
1368 787 1463 829 hanc

301 854 604 896 Dissertationem
636 855 713 895 iam
747 863 834 894 ante
866 855 910 895 ad
944 852 1197 894 Academiam
1238 850 1311 891 esse
1351 861 1464 892 trans-

162 919 310 958 missam
332 949 342 968 ‚
376 930 488 970 quam
521 918 683 971 quaestio
701 918 747 958 de
765 917 977 958 sufficientia
997 915 1189 957 Theoriae
1209 913 1466 957 Neutonianae

162 981 207 1021 ad
242 992 379 1020 omnes
411 990 538 1020 motus
570 981 678 1020 lunae
719 980 994 1034 inaequalitates
1042 978 1283 1032 explicandas
1329 979 1465 1018 iudicio

161 1043 390 1085 Academiae
422 1052 500 1083 erat
541 1041 762 1096 compofita.
829 1043 978 1084 Auctor
1027 1053 1153 1082 autem
1205 1040 1283 1080 iam
1337 1041 1465 1094 palam

162 1107 215 1147 est
258 1105 460 1160 professus,
500 1105 544 1146 'se
576 1116 664 1146 ante
697 1105 765 1146 hac
800 1105 839 1146 in
873 1118 915 1146 ea
949 1105 1048 1146 fiiiffe
1099 1104 1280 1157 opinione
1301 1136 1311 1155 ,
1360 1103 1461 1156 quod

163 1169 329 1210 Theoria
363 1170 518 1210 Neatom·
569 1170 615 1210 ad
650 1179 800 1212 motum
839 1167 997 1222 Apogei
1033 1168 1159 1208 Lunae
1191 1167 1463 1219 explicandum

164 1233 322 1273 minime
352 1232 533 1271 sufficeret
554 1263 565 1282 ,
600 1234 747 1286 eiusque
779 1243 924 1273 tantum
955 1230 1144 1273 semifl'em
1176 1230 1463 1283 propemodum

162 1294 416 1346 produceret,
449 1306 560 1345 quam
597 1294 634 1333 in
667 1293 884 1334 sententiam
918 1295 1022 1346 plura
1056 1294 1163 1334 huius
1186 1293 1463 1333 Dissertationis

161 1363 360 1395 momenta
397 1353 475 1393 sunt
513 1351 731 1407 conscripta.
797 1355 997 1407 Postquam
1033 1367 1160 1393 autem
1195 1355 1317 1394 Celeb.
1357 1355 1464 1395 Cai-

158 1424 246 1458 raut
266 1447 277 1466 ‚
311 1417 373 1469 qui
406 1418 481 1470 ipse
512 1427 597 1456 ante
635 1416 704 1457 hac
746 1416 840 1457 hanc
873 1417 1094 1470 opinionem
1133 1425 1462 1469 propuguauerat‚

160 1480 375 1521 solidissimis
417 1480 618 1520 rationibus
660 1481 884 1521 contrarium
916 1478 1261 1530 demonstr-auisset,
1313 1480 1461 1520 Auster

161 1554 304 1597 quoque
337 1542 404 1595 ipfi
439 1543 510 1582 fine
542 1556 647 1583 mora
694 1544 744 1584 est
784 1544 1036 1597 adstipulatus.
1109 1541 1281 1581 Tantum
1335 1554 1460 1584 autem

160 1607 259 1647 abest
281 1637 290 1655 ,
324 1614 369 1644 vt
402 1605 465 1645 iste
498 1618 602 1646 error
634 1607 828 1660 quicquam
864 1609 910 1647 de
944 1607 1069 1659 pretio
1101 1603 1205 1645 huius
1224 1603 1462 1646 Dissertatio-

166 1670 220 1709 nis
240 1702 249 1720 ,
283 1668 308 1708 si
341 1668 441 1720 quod
477 1668 613 1719 habet,
646 1670 815 1710 detrahat
836 1702 847 1720 ‚
899 1679 941 1709 vt
983 1669 1106 1722 potius
1155 1669 1226 1708 eius
1273 1670 1462 1710 conclusio

162 1734 357 1771 veritatem
393 1743 467 1770 non
501 1732 741 1773 mediocriter
772 1733 985 1773 confirmet.
1057 1729 1157 1771 Cum
1190 1735 1290 1773 enirn
1326 1732 1386 1772 hic
1405 1733 1461 1772 di-

160 1793 276 1833 lucide
309 1794 547 1846 ostendatur,
581 1795 708 1835 Lunae
743 1796 899 1850 figuram
933 1795 1196 1847 oblongarum,
1233 1806 1460 1847 quantacun-

162 1868 230 1909 que
252 1888 262 1906 ‚
295 1856 450 1907 quidem
481 1858 628 1897 admitti
664 1860 812 1910 potest,
845 1858 948 1897 nullo
983 1862 1100 1897 morlo
1132 1867 1275 1910 tantop<
1295 1870 1331 1897 re
1372 1870 1460 1898 mo-

162 1928 241 1958 tum
276 1920 430 1971 Apogei
466 1919 667 1960 accelerare
697 1921 797 1973 pofl'e
818 1954 828 1972 ‚
874 1931 1052 1973 quantum
1106 1921 1274 1959 ”sl-«iria
1322 1934 1458 1974 perpe-

159 1994 242 2021 ram
278 1981 463 2034 explicata
495 1983 680 2034 requirere
714 1984 906 2024 videbatur
926 2017 936 2033 ,
970 1984 1044 2023 lxoc
1080 1984 1194 2036 ipsum
1233 1984 1302 2023 iim
1348 1985 1458 2026 validi

162 2044 370 2097 argumenti
403 2044 490 2084 loco
521 2046 588 2084 effe
619 2047 730 2086 debet
752 2079 762 2097 ,
795 2051 995 2088 veritatem
1034 2059 1082 2085 cx
1118 2046 1186 2086 sola
1216 2041 1343 2086 Lunae
1363 2048 1459 2100 sgu—

164 2120 201 2147 ra
234 2107 358 2148 laluari
391 2119 467 2147 non
497 2108 618 2162 poss‘e.
705 2109 882 2163 Namque
916 2111 941 2151 fi
973 2112 1202 2151 contrarium
1251 2109 1457 2163 euenisset,

783 2185 804 2212 c
838 2185 861 2212 2
1349 2174 1436 2213 leuis
