2052 2668
514 95 606 136 262
931 88 1014 132 DE
1046 81 1354 133 MACHINIS

516 207 550 250 ti
579 206 746 261 poterit,
779 202 880 259 quod
911 201 1155 244 tantumdem
1187 212 1320 258 vrgeat
1351 212 1388 259 et
1419 214 1505 243 cum
1539 200 1708 243 mensura
1732 201 1834 253 pon-

518 270 655 312 derum
689 268 733 311 fit
765 267 956 310 notiffima
988 265 1077 307 loco
1107 266 1298 307 cuiuslibet
1330 268 1388 307 vis
1417 276 1545 307 mente
1564 266 1769 308 substituere
1785 265 1834 308 li-

518 335 620 376 cebit
655 332 803 386 pondus
833 329 1100 386 aequiualens·‚
1133 329 1236 383 quod
1268 342 1340 385 pro
1372 340 1500 371 natura
1535 331 1592 370 vis
1641 329 1834 370 follicitan-

517 397 564 439 tis
583 428 595 447 ,
628 396 690 436 vel
724 395 925 436 constantis
957 394 1028 433 erit
1061 393 1300 448 quantitatis,
1352 395 1416 435 vel
1451 393 1647 434 variabilis.
1731 393 1835 449 Quin

517 460 634 500 etiam
669 459 694 499 si
729 457 914 501 Machina
951 456 1237 510 percullionibus
1267 457 1312 499 ad
1331 468 1484 501 motum
1510 459 1682 501 incitetur
1703 484 1714 502 .
1745 466 1836 511 quo-

516 522 574 563 vis
604 531 815 562 momento
850 520 986 574 preffio
1021 520 1183 575 aequalis
1214 518 1374 563 substitui
1409 522 1533 576 potest
1554 555 1563 573 ,
1591 521 1650 561 sed
1671 520 1836 574 plerum-

517 597 592 640 que
624 585 784 627 calculus
814 584 1081 638 contrahitur,
1115 584 1143 626 fi
1173 584 1322 641 regulae
1353 585 1548 628 collisionis
1578 586 1616 626 in
1643 583 1837 629 subsidium

518 659 716 691 vocentur.
825 700 828 703 ¹

636 713 670 762 ς.
711 722 784 761 13.
820 713 1077 773 Quaecunque
1108 720 1237 752 autem
1256 711 1312 752 vis
1328 713 1376 752 ad
1397 712 1618 753 Machinam
1641 711 1841 767 impellen-

516 776 607 817 dam
644 775 866 817 adhibeatur
886 807 898 824 ,
932 788 978 816 ea
1014 775 1162 830 semper
1196 787 1287 814 cum
1320 776 1481 827 quadam
1500 777 1658 815 materia
1678 776 1730 815 est
1749 786 1844 816 con-

515 839 641 881 iuncta
660 871 673 891 ,
706 852 800 892 quae
832 839 944 882 simul
965 837 1116 878 moueri
1147 836 1292 889 debet,
1326 847 1442 888 quam
1476 836 1652 879 inertiam
1672 837 1730 876 vis
1748 836 1846 877 solli-

515 902 664 942 citantis
695 900 976 955 appellabimus.
1048 898 1156 941 Haec
1190 898 1218 939 si
1249 897 1345 939 solus
1377 898 1487 940 status
1522 899 1727 952 aequilibrii
1779 899 1847 942 de·

519 965 746 1007 terminatur
765 996 775 1016 ,
807 964 974 1005 omnino
999 974 1080 1005 non
1099 961 1136 1001 in
1155 970 1386 1015 computum
1406 962 1615 1016 ingreditur
1633 994 1643 1014 ‚
1663 964 1843 1015 quoniam

519 1027 782 1082 aequilibrium
843 1039 864 1067 a
918 1026 992 1066 sola
1066 1025 1274 1079 quantitate
1348 1025 1487 1066 virium
1565 1025 1843 1081 impellentium

520 1092 691 1145 pendet,
749 1088 919 1143 nihilque
951 1088 1099 1129 interest
1118 1121 1128 1139 ,
1177 1097 1304 1128 vtrum
1342 1089 1475 1131 inertia
1507 1088 1599 1128 adsit
1631 1100 1676 1128 an
1717 1085 1850 1128 secus?

519 1154 677 1196 simulac
724 1165 821 1194 xero
869 1161 996 1195 motus
1026 1160 1225 1205 generatur
1246 1183 1256 1202 ‚
1290 1152 1421 1192 omnis
1437 1152 1592 1193 materia
1611 1183 1622 1202 ,
1650 1162 1740 1205 quae
1759 1162 1846 1191 mo-

520 1227 606 1258 tum
640 1217 773 1272 recipit
793 1248 804 1268 ,
836 1225 981 1256 attente
1014 1214 1067 1257 cst
1113 1214 1376 1256 consideranda
1396 1248 1407 1267 ,
1461 1216 1603 1269 quippe
1652 1214 1700 1254 ad
1731 1226 1848 1268 quam

521 1281 762 1322 mouendam
798 1280 924 1333 portio
955 1279 1143 1333 quaedam
1176 1278 1317 1319 vitium
1351 1279 1595 1332 impenditur.
1649 1278 1848 1334 Quantitas

523 1345 636 1398 igitur
666 1356 745 1385 eius
779 1343 958 1383 materiae
981 1375 991 1395 ,
1040 1342 1080 1382 in
1115 1355 1187 1395 qua
1219 1341 1295 1394 ipsa
1326 1342 1384 1382 vis
1434 1342 1636 1394 impellens
1684 1341 1847 1392 residet,

524 1407 652 1449 sedulo
670 1408 724 1449 est
743 1401 966 1450 attendenda
986 1434 996 1453 ,
1027 1415 1068 1444 ct
1097 1415 1277 1457 quantum
1313 1414 1465 1445 motum
1487 1436 1497 1455 ,
1531 1405 1622 1444 dum
1666 1402 1848 1446 Machina

528 1479 736 1521 mouetur,
769 1468 847 1522 ipl'a
878 1468 1140 1519 nanciscatur,
1173 1467 1321 1508 definiri
1357 1467 1484 1508 debet.
1519 1468 1610 1525 Quo
1643 1467 1724 1520 plus
1742 1466 1847 1510 enirn

528 1533 713 1575 materiae
732 1564 743 1585 ‚
775 1531 837 1573 vel
870 1544 947 1585 quo
980 1531 1105 1573 maior
1138 1531 1270 1570 ine‘rtia
1303 1543 1390 1572 cum
1423 1531 1461 1571 vi
1497 1529 1717 1573 sollicitante
1737 1531 1848 1570 luerit

527 1607 702 1639 connexa
723 1627 733 1647 ,
766 1606 816 1634 eo
850 1595 988 1636 tardior
1022 1594 1164 1634 orietur
1197 1603 1337 1635 motus.
1402 1593 1466 1635 Sic
1505 1604 1654 1648 praeter
1705 1593 1848 1634 virium

530 1661 730 1700 varietates
760 1667 850 1697 ante
881 1665 1204 1698 commemoratas
1235 1656 1329 1697 dune
1360 1668 1418 1697 res
1450 1658 1489 1700 in
1507 1655 1666 1710 qualibet
1683 1657 1757 1705 vi,
1777 1667 1851 1709 qua

530 1722 713 1765 Machina
743 1721 790 1761 ad
824 1731 975 1761 motum
1011 1720 1218 1761 concitatur
1237 1750 1248 1769 ,
1283 1719 1521 1774 potissimum
1553 1728 1656 1760 erant
1685 1718 1854 1760 conside-

531 1787 696 1830 randae:
732 1785 865 1838 primo
899 1783 1037 1825 scilicet
1071 1782 1145 1836 ipsa
1177 1783 1350 1837 cuiusque
1385 1784 1439 1824 vis
1471 1783 1688 1836 quantita53
1723 1794 1764 1822 ac
1784 1781 1848 1822 de-

530 1851 619 1892 inde
651 1848 730 1890 eius
758 1848 920 1890 inertia:
955 1859 1115 1901 quarum
1153 1845 1211 1886 illa
1246 1858 1312 1900 per
1344 1846 1489 1901 pondus
1509 1879 1520 1898 ,
1555 1845 1649 1886 haec
1670 1858 1765 1886 vero
1784 1856 1852 1899 pet

531 1913 785 1967 quantitatem
818 1913 995 1953 materiae
1014 1943 1025 1962 ‚
1058 1922 1150 1965 quae
1191 1911 1330 1967 pariter
1377 1909 1424 1952 ad
1455 1909 1603 1967 pondus
1621 1943 1632 1963 ,
1683 1908 1852 1951 reuocari

534 1976 689 2034 potest,
722 1974 926 2020 mensurari
959 1974 1062 2019 solet.

1705 2099 1741 2152 5-
1779 2110 1850 2151 ¹4ae
