2052 2668
598 163 687 209 338
753 154 1189 200 ΕΧΡΕΚῙΜΕΝΤΑ
1222 155 1298 199 ΕΤ
1323 152 1744 202 ooGlTATlONES

660 269 701 310 Si
737 271 895 325 ponitur
928 271 1133 324 temperies
1167 271 1262 311 ae‘ris
1293 285 1347 323 45
1383 284 1441 325 gr.
1477 272 1665 312 inuenitur
1687 272 1910 314 decremen-

594 343 676 375 tum
717 334 801 387 post
839 347 857 383 5
907 334 1001 374 min.
1047 347 1103 386 pr.
1142 346 1164 383 3
1187 362 1198 382 ,
1235 344 1259 382 3
1293 347 1376 388 ἓν»
1405 335 1611 388 temperies
1668 335 1752 388 post
1804 336 1911 376 idern

591 408 745 450 tempus
782 400 890 449 166,
912 407 935 444 :3
977 408 1018 437 et
1052 397 1136 450 post
1170 400 1261 448 630
1294 398 1389 440 min.
1426 412 1482 452 pr.
1519 412 1606 448 49,
1630 411 1652 436 2
1687 399 1826 453 talique
1857 411 1914 440 ra-

590 462 698 500 tione
731 461 858 501 maior
890 461 1076 514 temperie
1115 459 1295 502 Mercurii
1337 459 1422 516 post
1466 462 1568 503 idem
1614 464 1798 516 tempusz,
1845 463 1930 504 de*-

590 524 707 564 crcuit
751 525 858 564 euim
902 523 1009 564 calor
1055 523 1238 566 Mercurii
1280 537 1301 564 a
1342 537 1399 578 gr.
1439 538 1520 564 120
1557 526 1602 566 ad
1636 538 1690 578 gr.
1729 533 1818 576 48,
1857 538 1914 580 2,

590 599 738 628 nouem
772 586 879 627 horis
898 619 908 639 ,
943 597 983 626 et
1016 599 1109 642 aqua
1142 587 1204 628 sub
1238 588 1377 629 eadem
1411 590 1597 642 temperie
1633 590 1732 629 ae'ris
1762 590 1914 630 deberet

588 663 617 700 9
653 650 757 692 horis
788 663 811 691 a
845 662 902 704 gr.
931 663 1010 689 121
1053 651 1140 692 sec:
1174 651 1368 700 calculumx
1400 653 1602 705 peruenire
1635 654 1680 693 ad
1725 653 1913 706 temperi·

590 725 656 754 em
678 727 737 767 49
759 745 771 765 ,
794 725 818 752 2
843 727 855 767 3
890 713 982 755 hinc
1013 715 1136 754 minus
1170 714 1439 756 derementum
1474 717 1554 769 pati
1585 729 1703 770 quam
1724 716 1912 757 Mercuri·

590 789 644 819 us.
711 777 756 818 Id
787 776 1036 818 confirmatur
1066 778 1182 817 etiam
1232 778 1318 830 post
1367 778 1510 830 reliqua
1562 789 1738 832 tempora
1762 813 1773 832 ‚
1819 780 1911 821 licet

590 846 606 903 (
629 860 647 887 1
675 854 687 899 )
709 850 931 902 euaporatio
951 849 1101 887 auxerit
1132 837 1296 899 &aquae
1315 878 1326 899 ,
1347 857 1386 886 et
1418 846 1572 900 conseq.
1609 848 1775 889 decrem.
1811 847 1825 903 (
1848 861 1872 887 2
1897 851 1908 903 )

585 912 797 964 superficies
839 922 954 964 aquae
988 910 1116 950 maior
1165 909 1275 950 fuerit
1315 910 1364 950 ab
1396 909 1507 950 initio
1527 942 1538 960 ,
1580 919 1620 950 et
1653 907 1753 966 (3)
1789 910 1908 952 massa

583 986 701 1027 aquae
735 975 857 1028 magis
886 973 1058 1029 exposita
1080 1005 1091 1026 ‚
1141 985 1255 1028 quam
1309 973 1422 1015 maffit
1483 972 1671 1015 Mercurii
1706 975 1815 1016 corio
1848 977 1905 1018 in-

590 1038 729 1079 voluti.

425 1139 494 1168 ‘r-b.
523 1139 572 1170 vi.
659 1177 661 1180 ,
701 1135 736 1184 §.
776 1144 849 1186 37.
887 1135 943 1176 Vt
975 1135 1190 1177 commode
1227 1132 1503 1188 Experimenta
1533 1133 1721 1185 eiusmodi
1754 1133 1898 1177 institui

529 1202 536 1211 '
584 1198 754 1253 possint,
789 1199 855 1240 fiat
894 1197 908 1254 (
935 1215 952 1240 1
979 1198 993 1254 )
1027 1211 1094 1240 vas
1144 1210 1327 1252 cupreum
1379 1199 1416 1238 A
1438 1196 1472 1237 B
1491 1195 1526 1238 C
1549 1196 1592 1239 D
1624 1199 1724 1238 cuius
1744 1197 1903 1239 fundum

586 1261 620 1304 C
639 1261 673 1302 B
707 1262 749 1303 fit
783 1263 953 1316 planum.
1007 1260 1105 1318 (2)
1140 1263 1204 1304 Ex
1238 1271 1396 1316 vtraque
1439 1271 1548 1316 parte
1588 1261 1628 1302 in
1670 1261 1760 1302 locis
1792 1262 1830 1303 A
1865 1272 1906 1302 et

581 1325 626 1368 D
658 1325 730 1367 sint
761 1336 910 1380 aptatae
942 1327 1148 1368 columnae
1182 1326 1220 1367 A
1241 1325 1277 1366 E
1312 1335 1362 1369 et¹
1383 1322 1426 1366 D
1447 1326 1474 1367 F
1495 1358 1506 1376 ,
1547 1337 1640 1380 quae
1691 1325 1904 1367 transuerso

577 1390 903 1444 parallelepipedo
939 1390 1013 1432 EF
1042 1390 1269 1432 coniunctae
1305 1389 1387 1429 siut.
1457 1388 1502 1443 3)
1525 1388 1899 1442 parallelepipedum

578 1453 614 1494 E
637 1454 663 1492 F
695 1453 740 1494 sit
772 1454 811 1491 in
855 1452 1036 1493 distantiis
1084 1466 1105 1493 a
1150 1452 1338 1493 columnis
1369 1454 1407 1493 A
1428 1451 1464 1492 E
1505 1462 1543 1491 et
1586 1451 1629 1492 D
1656 1451 1684 1490 F
1717 1463 1813 1506 aequ
1828 1452 1896 1492 ali-

579 1516 645 1556 bus
695 1524 922 1556 excauatum
959 1516 1158 1556 {erundum
1193 1515 1303 1556 situm
1347 1514 1570 1555 verticalcm
1608 1513 1798 1556 columnis
1829 1529 1896 1569 pa—

575 1580 748 1620 rallelum
770 1610 781 1631 ,
815 1587 857 1618 vt
890 1579 1008 1632 recipi
1045 1577 1183 1633 poliint
1218 1579 1450 1619 commodae
1476 1578 1618 1618 caudae
1639 1576 1721 1619 ΟΝ
1756 1590 1795 1619 et
1830 1579 1906 1636 PQ

575 1643 974 1683 Thermometrorum
997 1642 1173 1682 similium
1191 1654 1230 1681 et
1249 1641 1458 1694 aequalium
1495 1640 1557 1682 IN
1593 1652 1635 1681 et
1666 1640 1753 1692 LP,
1788 1653 1827 1684 et
1861 1644 1900 1683 in

573 1706 796 1746 cauitatibus
827 1704 991 1757 deprimi
1036 1717 1074 1744 ct
1125 1704 1263 1744 cleuari
1286 1738 1296 1755 ,
1350 1703 1591 1756 cochleisquc
1623 1702 1650 1743 S
1686 1712 1725 1742 ct
1766 1704 1804 1744 T
1837 1718 1900 1746 eas

574 1771 620 1810 ad
655 1769 856 1810 cauitatum
895 1768 1006 1808 latera
1039 1766 1342 1822 apprimentibus
1374 1765 1531 1806 firmari.
1606 1765 1651 1821 4)
1689 1765 1782 1808 Vasa
1834 1769 1891 1809 vi-

577 1844 653 1873 trea
689 1831 707 1873 I
741 1843 779 1872 et
814 1830 847 1871 L
881 1831 1013 1871 similia
1047 1842 1087 1872 et
1120 1831 1314 1884 aequalia,
1350 1830 1517 1870 tenuium
1553 1827 1632 1870 satis
1666 1831 1860 1883 parietum
1884 1863 1895 1884 ‚

579 1897 726 1936 retortis
777 1896 853 1935 oris
889 1895 1057 1947 praedita
1088 1895 1318 1948 recipiantur
1349 1894 1396 1933 ab
1441 1893 1583 1932 annulis
1626 1894 1784 1947 ligneis,
1833 1897 1897 1949 qui

583 1959 724 1999 bacillis
753 1973 773 1999 ι·
792 1960 819 1999 d
835 1991 845 2009 ,
879 1958 945 1999 ab
965 1991 977 2011 ,
1009 1972 1029 1999 e
1048 1958 1093 2015 f,
1115 1972 1146 2011 g
1164 1957 1193 2000 h
1225 1970 1314 1998 cum
1350 1955 1482 1996 tabulis
1502 1956 1894 2000 Thermomctrorum

580 2021 777 2062 coniunsti
834 2021 930 2069 suit,
989 2033 1033 2062 vt
1085 2021 1166 2062 vasa
1199 2020 1218 2061 Ι
1253 2030 1292 2060 et
1327 2018 1361 2059 L
1410 2018 1562 2059 eleuatis
1612 2022 1900 2064 thermometris

584 2085 755 2138 eleuari,
789 2094 827 2124 et
859 2084 1033 2140 depreffis
1066 2083 1374 2127 Thermometris
1405 2083 1572 2138 deprimi
1604 2084 1755 2139 poss'mt.

1808 2147 1895 2190 Vas:
