2052 2668
793 170 951 229 )(7)(

232 285 410 340 quatione
436 275 705 335 d³yzydx⁸
738 294 960 324 contentum
995 280 1183 322 methodo
1226 281 1363 333 vulgari
1407 282 1529 333 persea

233 351 351 403 quitur
373 380 382 398 ,
416 347 608 386 ostendens
637 359 748 399 quam
786 347 980 398 prolixum
1013 358 1054 384 ac
1096 346 1294 385 taediosum
1343 343 1527 382 calculum

231 414 308 451 eius
339 411 470 450 solutio
502 410 691 461 requirat,
724 409 864 461 quippe
894 420 970 461 quo
999 408 1148 447 tandem
1185 410 1230 446 ad
1267 408 1527 458 aequationem

231 472 381 526 quidem
415 471 698 511 differentialem
732 473 847 523 primi
881 471 1022 510 ordinis
1054 471 1262 523 perducitur
1282 500 1292 516 ‚
1331 471 1429 508 cuius
1465 481 1530 507 au-

229 545 308 576 tem
339 533 535 585 integratio
568 534 736 585 grauibus
768 534 888 572 adbuc
923 534 1109 585 premitur
1140 526 1424 572 difficultatibus.
1462 529 1529 569 In-

229 601 276 638 de
307 607 434 646 tamen
466 607 541 634 non
573 597 712 635 leuibus
739 596 778 634 in
811 595 1004 635 subsidium
1039 596 1183 634 vocatis
1217 594 1382 633 artificiis
1431 594 1531 633 elicit

228 660 405 711 integrale
439 659 590 710 quidem
614 689 624 708 ,
657 657 715 697 led
749 667 894 698 tantum
931 657 1148 710 particulare
1168 688 1178 707 ,
1213 669 1262 695 ex
1280 668 1354 709 quo
1371 657 1530 709 denique

225 735 295 774 per
326 721 466 760 nouam
531 721 794 772 operationem
847 720 1022 772 integrale
1073 719 1314 770 completum
1366 719 1523 770 colligit.

227 785 332 824 Tum
364 794 458 823 vero
488 782 577 822 duas
607 793 796 835 praeterea
830 783 1091 835 integrationes
1125 781 1308 821 instituere
1349 789 1528 834 oportet,

227 857 427 898 antequam
460 844 590 884 solutio
620 846 666 884 ad
703 846 820 884 finem
851 846 893 885 sit
924 845 1119 898 perdueta.
1169 843 1253 893 ,Ex
1286 856 1362 897 quo
1394 843 1532 883 facilius

231 909 408 948 iudicium
443 909 486 947 de
519 907 739 959 praestantia
773 920 890 947 nouae
923 907 1094 947 methodi
1130 905 1222 945 ferre
1253 905 1411 957 licebit,
1463 919 1532 946 cu-

228 970 281 1011 ius
313 970 499 1009 beneficio
528 969 606 1008 fine
641 979 716 1009 tam
751 970 876 1010 multis
911 979 948 1009 et
981 969 1146 1009 molestis
1196 969 1411 1021 ambagibus
1454 981 1530 1008 vna

229 1045 342 1086 eaque
378 1031 556 1071 facillima
591 1033 812 1084 operatione
845 1044 924 1071 non
959 1028 1075 1072 solum
1109 1031 1197 1070 haec
1215 1031 1531 1085 speci-alisaequa-

226 1095 282 1134 tio
302 1127 313 1146 ,
347 1094 402 1133 sed
436 1094 617 1147 generalis
648 1095 816 1134 exhibita
850 1096 898 1133 ita
933 1095 1099 1147 perfecte
1130 1094 1320 1133 resoluitur
1339 1126 1349 1145 ,
1389 1104 1431 1133 vt
1463 1095 1534 1133 sta-

228 1159 301 1197 tim
336 1157 507 1209 aequatio
539 1157 724 1209 integralis
753 1158 947 1209 completa
980 1158 1196 1210 reperiatur.
1261 1157 1449 1209 Operatio
1467 1169 1534 1196 au-

227 1228 309 1258 tem
344 1219 404 1258 illa
438 1220 622 1259 reducitur
657 1221 701 1259 ad
722 1220 990 1259 resolutionem
1022 1220 1249 1273 aequationis
1266 1220 1537 1272 Algebraicae,

230 1281 327 1319 cuius
360 1279 485 1318 forma
520 1282 573 1319 ita
607 1292 655 1319 ex
687 1282 879 1334 proposita
916 1285 1135 1333 aequatione
1183 1282 1421 1323 differentiali
1471 1283 1538 1321 de·-

227 1341 363 1379 1iuatur
384 1368 395 1389 ‚
429 1348 470 1378 vt
503 1339 547 1379 fit

289 1404 1495 1463 ozA÷Bz÷Cz²÷Dz³÷Ez⁴÷Fz⁹÷etc.

224 1491 332 1535 atque
365 1493 462 1521 nunc
495 1491 617 1521 totum
652 1484 849 1534 negotium
883 1485 920 1523 in
954 1483 1172 1526 resolutione
1215 1486 1320 1527 huius
1345 1490 1536 1541 aequatio·

224 1546 281 1585 nis
312 1543 559 1595 Algebraicae
593 1545 837 1597 continetur,
873 1548 975 1598 quod
1014 1549 1163 1600 quidem
1214 1562 1300 1589 cum
1337 1552 1383 1590 de
1432 1552 1537 1590 inte·

225 1606 478 1661 gratione,est
511 1606 672 1660 quaestio
707 1609 852 1647 merito
887 1621 957 1662 pro
994 1606 1174 1650 facillimo
1207 1610 1375 1653 habetur.
1448 1614 1531 1653 Ha·-

219 1671 279 1710 ‹ius
311 1667 446 1709 scilicet
478 1669 710 1722 aequationis
740 1672 895 1710 cunctae
947 1674 1176 1725 quaerendae
1227 1674 1306 1714 sunt
1364 1677 1504 1715 radices
1523 1708 1535 1727 ,

228 1743 433 1783 earumque
464 1732 649 1785 quaelibet
680 1733 890 1786 suppeditat
926 1747 1003 1787 ope
1055 1736 1193 1787 regulae
1243 1737 1535 1789 simplicissimae

226 1795 444 1847 portionem
479 1795 668 1847 integralis
696 1798 878 1848 quaesiti,
913 1798 961 1837 ita
996 1807 1037 1837 vt
1067 1799 1243 1838 omnibus
1261 1801 1440 1839 radicibus
1458 1800 1534 1841 hoc

225 1857 348 1897 modo
380 1857 606 1907 pertractatis
637 1859 845 1899 vniuersum
881 1859 1060 1912 integrale
1091 1854 1329 1912 completum
1359 1863 1532 1903 obtinea-

225 1927 297 1959 tur.
363 1916 596 1957 Difficultate
630 1920 781 1971 quidem
817 1920 911 1961 haec
946 1922 1147 1962 methodus
1181 1924 1356 1976 impediri
1384 1926 1531 1967 videtur

222 1982 270 2022 iis
301 1980 462 2031 casibus,
496 1980 627 2033 quibus
659 1981 718 2021 illa
753 1985 922 2036 aequatio
964 1984 1183 2037 Algebraica
1234 1988 1369 2026 radices
1415 1987 1530 2029 habet

224 2043 286 2084 vel
319 2042 482 2096 aequales
515 2042 576 2082 vel
607 2044 882 2098 impoffibilc53
915 2047 971 2088 sed
1006 2057 1044 2086 et
1075 2048 1162 2088 huic
1196 2049 1449 2089 incommodo
1476 2050 1530 2089 fe-

221 2106 342 2150 liciter
385 2107 545 2148 occurrit
594 2106 742 2150 Auctor
762 2139 775 2162 ‚
818 2109 908 2150 dum
950 2122 1022 2166 pro
1055 2110 1111 2154 his
1142 2111 1278 2154 casibus
1326 2112 1529 2166 peculiares

1372 2174 1524 2229 praebet
