2052 2668
409 217 605 286 Moer
641 213 1063 262 PLANETaRVM.
1105 203 1109 208 '
1375 227 1458 265 237

169 332 324 387 planetis
364 332 493 372 tribui
509 338 676 384 queant,
708 330 932 369 varietatem
967 313 1080 368 nimis
1112 324 1191 366 late
1227 334 1386 380 pateat,
1406 320 1467 367 hic

167 396 386 448 fingularem
419 403 563 444 tantum
596 392 719 432 casum
753 394 928 432 euoluere
962 389 1165 439 constitui,
1217 402 1266 429 ex
1299 402 1374 442 quo
1411 399 1465 429 ta-

167 469 259 497 men
310 458 369 496 via
410 456 457 496 acl
488 446 704 495 innumeros
735 454 830 493 alios
869 442 1082 493 tractandos
1111 451 1287 504 cognosci
1339 451 1463 504 poffit.

282 514 335 562 §.-
361 528 400 574 ⁵3
435 515 685 557 Confiderabo
718 529 808 568 ergo
840 528 985 569 corpus
1017 526 1067 554 ex
1097 515 1240 554 duobus
1271 514 1396 567 globis
1428 517 1465 554 A
1477 511 1514 539 Γ
1518 511 1541 539 b
1557 511 1592 539 V·

169 590 207 621 et
238 579 273 621 B
304 582 410 637 virga
438 574 558 631 rigida
591 589 628 618 et
661 579 820 618 inertiae
853 586 1012 630 experte
1043 577 1174 615 iunctis
1194 577 1469 629 compositum,

169 645 270 696 quod
302 644 339 682 in
371 641 490 694 plano
523 641 644 682 tabula
673 640 946 693 repraesentato
988 649 1188 677 moueatur
1237 641 1333 678 circa
1380 651 1470 679 cen-

167 715 269 764 tium
302 704 440 745 vitium
473 703 540 755 Ο,
574 703 619 743 ad
652 703 754 754 quod
784 711 938 753 vterque
971 700 1102 751 globus
1134 701 1282 740 ieors1m
1334 701 1472 741 sollici-

165 760 265 807 tetur
284 769 334 806 in
357 758 508 806 ratione
539 765 735 834 duplicata
757 764 948 816 reciproca
981 761 1247 801 distantiarum.
1284 764 1347 802 Ad
1381 776 1472 802 mo-

167 839 268 870 tum
286 840 396 881 ergo
410 829 514 868 huius
544 828 719 879 corporis
752 824 834 865 AB
866 824 956 865 hinc
992 823 1194 865 oriundum
1228 824 1330 865 recte
1367 825 1471 864 inne

170 890 377 943 stigandum
411 891 457 930 ad
491 889 568 928 eius
597 897 769 928 centrum
801 887 994 939 grauitatis
1012 887 1154 940 ,fqnod
1187 887 1288 927 sitin
1308 885 1343 928 C
1360 887 1473 938 respi-

173 954 207 994 ci
239 962 406 1004 oportet.
471 949 766 1004 Repraesentent
800 961 892 1001 ergo
941 949 1086 989 litterae
1117 948 1158 987 A
1188 959 1226 989 et
1257 948 1292 989 B
1343 948 1474 990 massas

170 1014 370 1067 globorum
403 1013 442 1052 A
475 1022 514 1051 et
546 1011 608 1060 B,
642 1012 783 1064 smtque
816 1004 1005 1063 distantiae
1039 1009 1123 1050 AC
1132 1024 1252 1064 za,
1285 1010 1473 1063 Bezb,

170 1075 219 1114 ab
249 1073 400 1120 horum,
423 1073 639 1127 globorum·
662 1073 797 1111 centris
830 1071 1103 1123 aestimandae,
1154 1074 1225 1112 erit
1257 1085 1307 1112 ex
1341 1084 1472 1114 natura

171 1135 291 1177 centri
322 1135 508 1188 grauitatis
539 1131 761 1177 Aazssb.
829 1134 950 1174 Porro
983 1133 1042 1173 vis
1088 1135 1207 1174 centri
1258 1135 1399 1175 virium
1431 1134 1472 1175 O

162 1195 276 1238 'tanta
307 1189 351 1237 fit
383 1194 499 1250 vthin
531 1196 696 1237 distantia
719 1196 775 1248 f,
809 1203 983 1249 aequetur
1014 1197 1215 1248 grauitati,
1248 1207 1358 1251 atque
1389 1198 1472 1250 glo-

173 1265 238 1307 bus
269 1267 307 1307 A
339 1267 462 1307 versus
493 1267 532 1307 Ο
566 1267 754 1320 vrgebitur
786 1267 826 1306 vi
858 1265 1020 1306 motrice
1050 1279 1106 1305 z:
1140 1253 1209 1321 0—{f
1223 1301 1235 1321 ,
1265 1278 1304 1320 et
1336 1264 1469 1319 globus

173 1336 209 1375 B
243 1340 384 1379 eodem
419 1340 586 1380 trahetur
615 1340 814 1380 secundum
834 1339 1084 1379 directionem
1106 1337 1185 1379 ΒΟ
1203 1341 1318 1380 vi-
1263 1372 1318 1379 .-
1335 1324 1421 1392 0—{2

290 1402 336 1448 §.
362 1405 403 1439 6.
439 1401 572 1442 Sumta
604 1402 761 1454 quadam
793 1401 898 1440 reeta
929 1401 1012 1441 OE
1043 1413 1113 1453 pro
1146 1414 1219 1441 axe
1250 1403 1313 1442 ‘ad
1355 1416 1469 1456 quem

171 1471 298 1503 motus
328 1462 530 1514 refer-‹Mtur
563 1463 604 1502 fit
637 1460 718 1502 EC
750 1462 848 1502 linea
880 1474 1021 1512 curua,
1054 1475 1167 1515 quam
1195 1472 1369 1502 centrum
1388 1477 1472 1516 gra-

174 1525 303 1564 vitatis
332 1522 368 1565 C
397 1525 473 1565 iam
505 1524 762 1577 descripserit,
795 1536 835 1564 ac
869 1534 1027 1564 vocetur
1058 1524 1224 1564 distantia
1258 1523 1340 1565 OC
1349 1538 1471 1583 ...z

174 1595 211 1627 et
242 1586 393 1639 angulus
426 1586 609 1628 EOC:
600 1582 668 1638 ·Φ
688 1619 697 1637 ,
731 1587 804 1626 erit
835 1586 996 1626 demisso
1029 1599 1080 1627 ex
1112 1585 1146 1627 C
1178 1588 1215 1626 in
1248 1599 1363 1627 axem
1385 1602 1471 1641 per-

174 1649 374 1702 pendiculo
405 1647 702 1701 CP,absc1ffa
733 1649 1004 1690 Oszzz
1039 1649 1111 1689 cos.
1141 1645 1183 1700 Φ
1215 1658 1254 1689 et
1286 1651 1469 1704 applicati

175 1708 438 1760 Pczyzz
468 1712 532 1749 fin.
556 1707 599 1760 Φ
618 1742 628 1759 ,
663 1711 786 1763 posito
818 1711 990 1750 fimitoto
1022 1724 1079 1750 z
1102 1724 1138 1750 1.
1222 1711 1309 1751 Hoc
1343 1721 1469 1753 autem

174 1773 353 1824 temporis
383 1771 528 1824 puncto
558 1770 776 1823 virg-„rAB
804 1784 894 1812 eum
925 1773 1035 1813 situm
1069 1781 1195 1813 teneat
1213 1804 1224 1824 ,
1243 1785 1354 1826 quem
1375 1774 1470 1827 figu-

175 1845 215 1874 ra
245 1832 356 1873 refert
398 1834 509 1886 fitque
560 1833 712 1886 angulus
741 1832 824 1874 OC
833 1833 965 1874 Α-ῑθ
985 1867 996 1885 ‚
1047 1847 1159 1889 quem
1190 1845 1316 1876 motus
1347 1839 1470 1877 conti-

177 1898 353 1936 nuatione
386 1895 508 1948 augeri
537 1908 680 1949 ponam
702 1929 712 1946 ,
745 1897 794 1936 ita
827 1908 871 1936 vt
902 1909 1037 1949 corpus
1069 1900 1105 1939 A
1139 1899 1235 1938 circa
1271 1897 1306 1943 C
1344 1900 1470 1952 respe-

176 1957 240 1998 ἂι]
273 1957 391 1997 lineae
420 1955 502 1997 OC
532 1971 657 1998 arcum
688 1958 779 1999 DA
810 1960 886 1999 iam
919 1960 1155 2012 descripserit.
1190 1960 1247 2000 At
1263 1962 1349 2014 quia
1375 1961 1470 2002 haec

173 2019 248 2072 ipsa
281 2020 377 2060 linea
410 2019 448 2060 Ο
467 2018 501 2060 C
526 2021 579 2061 est
611 2022 792 2073 mobilis⁷
835 2031 985 2061 motum
1016 2021 1142 2061 istum
1175 2023 1387 2076 angularem
1421 2026 1468 2066 ad

174 2081 312 2121 lineam
346 2083 528 2135 quanda-m
563 2082 684 2123 fixam
718 2081 803 2125 OE
840 2084 965 2124 referri
997 2085 1174 2125 conuenit
1193 2118 1203 2137 ,
1245 2089 1470 2138 producatur

175 2155 267 2195 ergo
297 2145 397 2187 recia
429 2143 554 2188 ECA
588 2147 710 2188 donec
741 2147 829 2188 huic
863 2147 949 2188 OE
980 2156 1148 2190 occurrat
1165 2149 1258 2191 inR
1278 2181 1290 2201 >
1321 2151 1467 2201 eritque

774 2207 813 2250 G
847 2221 873 2263 g
907 2219 929 2256 3
1317 2212 1468 2264 angulus
