2052 2668
565 195 652 246 366
722 179 1081 238 EMEixiDArro
1116 187 1434 237 LATERNAE
1467 193 1729 238 MAGrcAE

555 307 668 347 ciliari
703 307 818 347 solet:
855 317 964 360 atque
997 305 1042 346 ad
1078 305 1208 346 lumen
1240 307 1358 360 magis
1390 309 1602 362 augendum
1636 309 1755 348 etiam
1783 307 1862 361 spe-

555 369 636 410 cula
671 382 709 415 ct
740 371 857 410 lentes
888 381 1080 409 connexae
1111 370 1152 409 in
1187 369 1292 410 vsum
1332 382 1520 411 vocantia.

677 433 711 480 §.
751 443 790 480 5.
828 432 939 488 Quod
972 431 1106 471 deinde
1138 431 1183 472 ad
1215 431 1359 473 lentem
1394 433 1499 475 ΜΜ
1534 434 1696 483 attinet,
1735 433 1864 486 primo

561 496 768 535 cauendum
802 495 874 545 est,
900 507 956 542 ne
974 496 1049 534 eins
1082 495 1128 534 ab
1161 495 1316 536 obiecto
1342 496 1526 538 'distantia
1562 497 1646 537 EA
1680 495 1868 537 fivnimis

561 559 695 611 exigna
715 589 725 606 ,
760 555 818 597 feu
852 568 899 596 ne
932 556 1088 610 angulus
1119 555 1245 599 FAG
1267 590 1278 608 ,
1309 559 1372 611 qui
1405 572 1426 598 a
1459 560 1565 600 radiis
1603 559 1744 599 obiecti
1794 570 1866 599 ex-

561 622 690 660 tremis
721 620 765 659 ad
800 619 941 660 lentem
983 619 1103 660 ductis
1152 620 1365 672 formatur,
1415 622 1527 662 nimis
1576 621 1642 662 fiat
1690 633 1863 674 magnus.

560 683 650 740 Quo
684 683 806 724 maior
836 683 941 722 euim
977 682 1081 723 fuerit
1113 683 1179 723 iste
1210 683 1364 736 angulus
1383 715 1394 734 ‚
1424 696 1471 724 co
1501 684 1683 726 confinius
1730 684 1870 724 obiecti

561 748 818 787 extremitates
855 746 891 785 iu
922 744 1050 799 effigie
1070 744 1108 801 s
1129 759 1149 787 e
1172 759 1205 799 g
1236 746 1448 788 reddentur.
1537 747 1694 788 Videtur
1741 755 1869 787 autem

562 809 626 849 hic
658 807 810 862 angulus
842 804 969 849 FAG
1006 820 1061 848 20
1094 811 1226 861 gradus
1259 820 1337 847 non
1377 810 1559 848 excedere
1605 811 1743 850 debere
1763 841 1775 860 ,
1822 819 1872 849 ne

560 870 724 911 confusio
777 871 863 910 inde
911 882 994 909 orta
1030 870 1140 908 nimis
1173 868 1218 908 fit
1251 867 1434 907 sensibilis.
1508 868 1568 909 Sit
1601 870 1706 910 huius
1749 870 1877 924 anguli

570 933 721 974 stmiffis
739 931 862 972 FAE
883 931 1006 982 ,foret
1045 925 1118 968 κο·
1137 962 1148 981 ,
1181 940 1219 970 et
1251 930 1333 982 quia
1367 930 1448 969 axis
1477 930 1586 971 lentis
1617 931 1702 973 ΑΕ
1735 932 1773 971 in
1794 932 1872 985 pla-

564 997 694 1037 nitiem
729 993 871 1034 obiecti
906 993 1220 1047 perpendicularis
1253 990 1360 1044 esse,
1410 1004 1453 1032 ac
1487 1004 1555 1046 per
1588 996 1666 1035 eius
1696 1003 1872 1035 centrum

563 1058 600 1100 1⁷,
632 1057 779 1098 transite
809 1056 918 1098 debet
939 1088 950 1106 ,
988 1055 1158 1096 distantia
1188 1055 1278 1097 EA
1309 1055 1455 1095 circiter
1505 1055 1670 1110 sextupia
1703 1059 1874 1110 prodiret

565 1119 835 1162 temi'diamctri
886 1118 1025 1159 obiecti
1078 1117 1115 1159 E
1133 1118 1163 1159 F
1182 1151 1193 1170 ‚
1233 1118 1290 1158 stu
1323 1117 1485 1158 EA:
1503 1123 1533 1158 6
1554 1119 1588 1159 E
1607 1119 1654 1161 F.
1737 1119 1871 1162 Minor

567 1184 704 1224 scilicet
736 1182 827 1224 haec
862 1182 1030 1222 distantia
1063 1193 1141 1221 non
1174 1180 1225 1220 est
1257 1180 1488 1222 admittenda
1508 1213 1519 1232 ‚
1555 1181 1621 1222 nisi
1655 1181 1750 1222 forte
1783 1193 1877 1222 con-

567 1246 750 1288 fusionem
795 1245 878 1284 stitis
925 1243 1130 1294 sensibilem
1164 1255 1243 1283 non
1294 1243 1508 1283 euitandam
1559 1243 1803 1299 censeam'us3
1836 1254 1877 1286 at

567 1322 641 1365 quo
674 1308 799 1349 maior
831 1320 879 1367 <aa¹
909 1308 1082 1348 statuatur
1101 1340 1111 1359 ,
1144 1319 1194 1346 eo
1225 1306 1342 1359 magis
1373 1305 1545 1347 distinc'ta
1586 1308 1716 1364 imago
1747 1307 1787 1348 in
1822 1318 1877 1348 ta·

562 1373 650 1414 baia
684 1372 926 1426 exprimetur.
993 1369 1228 1412 Dummodo
1259 1379 1385 1411 autem
1431 1368 1525 1410 haec
1574 1369 1744 1411 distantia
1776 1370 1813 1412 E
1835 1371 1874 1411 A

552 1439 650 1477 'non
685 1435 793 1482 fiierit
823 1435 958 1475 minor
993 1446 1105 1491 quam
1147 1436 1176 1472 6
1197 1434 1233 1476 E
1254 1433 1283 1474 F
1301 1454 1321 1491 7-
1365 1431 1532 1474 confufio
1583 1432 1671 1476 hinc
1720 1433 1877 1475 oriunda

572 1511 638 1541 vix
671 1499 813 1552 percipi
848 1497 1001 1551 poterit.

686 1561 721 1608 §.
757 1565 796 1599 6.
837 1560 965 1619 Quam
1000 1571 1169 1600 connexa
1201 1568 1326 1601 :tutem
1362 1558 1495 1598 debeat
1527 1559 1596 1599 css'e
1631 1557 1706 1599 icus
1738 1559 1782 1600 M
1803 1559 1845 1600 M
1865 1593 1876 1611 ,

571 1637 658 1665 cum
697 1635 747 1663 ex
782 1622 945 1664 distantia
965 1623 1054 1664 EA
1074 1651 1085 1670 ,
1119 1633 1200 1662 tum
1237 1634 1287 1662 ex
1322 1622 1608 1675 magnitudine,
1641 1635 1711 1676 qua
1742 1624 1870 1676 imagi-

571 1700 660 1727 nem
684 1686 723 1742 s
742 1699 763 1726 e
789 1699 820 1738 g
853 1697 1034 1738 apparere
1065 1694 1250 1737 oportet,>
1290 1684 1416 1739 fitne,
1446 1684 1634 1724 definitur.
1723 1685 1875 1726 inuenta

572 1754 701 1791 autem
736 1749 824 1789 hiuc
858 1746 1026 1788 distantia
1061 1746 1169 1787 foculi
1201 1743 1307 1786 huius
1338 1745 1446 1786 lenti&
1465 1778 1475 1796 ,
1515 1747 1609 1800 quae
1654 1746 1701 1787 fit
1733 1759 1790 1787 :-
1814 1747 1850 1804 s
1866 1779 1878 1799 ,

568 1813 630 1854 sen
661 1825 757 1867 quae
790 1811 914 1857 radios
943 1824 963 1851 a
995 1809 1070 1851 sole
1099 1820 1280 1862 exceptos
1307 1809 1354 1850 ad
1384 1808 1594 1849 distantiam
1626 1822 1685 1850 Ξ
1701 1807 1742 1863 s
1763 1812 1800 1851 in
1821 1810 1875 1851 fo-

572 1890 659 1917 cum
692 1884 924 1931 congreget,
957 1884 1131 1928 quantam
1163 1884 1374 1926 aperturam
1408 1872 1493 1912 huic
1526 1872 1614 1912 lenti
1649 1874 1759 1914 tribui
1783 1884 1877 1914 con*

576 1941 696 1980 ueniat
716 1972 726 1990 ,
762 1938 970 1978 videndum
1001 1938 1082 1978 est:
1139 1935 1243 1978 Nam
1277 1948 1354 1990 quo
1388 1937 1509 1976 maior
1541 1934 1628 1976 ieuti
1661 1937 1878 1978 conceditur

579 2014 745 2056 apertura
767 2034 777 2051 ,
812 2013 860 2040 co
895 2001 1029 2041 maiori
1061 2000 1276 2041 confusione
1308 2000 1439 2052 imago
1464 2000 1500 2037 in
1524 1998 1561 2054 s
1581 2012 1603 2039 e
1626 2014 1660 2054 g
1687 1999 1877 2052 afficitur,

580 2065 663 2119 quia
697 2065 787 2105 radii
808 2077 876 2117 per
893 2073 1082 2116 aperturae
1099 2075 1205 2104 oram
1238 2061 1507 2113 tmusmiffi,et
1541 2061 1586 2113 ii,
1613 2064 1675 2119 qui
1709 2075 1775 2118 per
1794 2074 1878 2104 me·

582 2129 686 2171 dium
723 2126 829 2168 lcutis
861 2125 1042 2169 transcunt
1061 2160 1073 2184 ‚
1105 2139 1181 2170 non
1213 2125 1249 2166 iu
1282 2124 1412 2167 cadem
1453 2123 1620 2168 distantia
1640 2127 1878 2183 colliguntur.

1811 2187 1877 2230 Nc
